date,ticker,Accounts Payable,Capital Expenditures,Capital Surplus,Cash,Change In Cash,Change To Account Receivables,Change To Inventory,Change To Liabilities,Change To Netincome,Change To Operating Activities,Common Stock,Cost Of Revenue,Deferred Long Term Asset Charges,Depreciation,Discontinued Operations,Ebit,Effect Of Accounting Charges,Extraordinary Items,Gross Profit,Income Before Tax,Income Tax Expense,Intangible Assets,Interest Expense,Inventory,Investments,Issuance Of Stock,Long Term Debt,Long Term Investments,Minority Interest,Net Borrowings,Net Income,Net Income Applicable To Common Shares,Net Income From Continuing Ops,Net Receivables,Net Tangible Assets,Non Recurring,Operating Income,Other Assets,Other Current Assets,Other Current Liab,Other Items,Other Liab,Other Operating Expenses,Other Stockholder Equity,Property Plant Equipment,Research Development,Retained Earnings,Selling General Administrative,Short Long Term Debt,Total Assets,Total Cash From Financing Activities,Total Cash From Operating Activities,Total Cashflows From Investing Activities,Total Current Assets,Total Current Liabilities,Total Liab,Total Operating Expenses,Total Other Income Expense Net,Total Revenue,Total Stockholder Equity,Treasury Stock,Dividends Paid,Effect Of Exchange Rate,Good Will,Other Cashflows From Financing Activities,Other Cashflows From Investing Activities,Short Term Investments,Deferred Long Term Liab,Repurchase Of Stock,value
2018-12-31,ADESE.IS,196975000.0,-22197000.0,,7325000.0,-7410000.0,-21593000.0,66937000.0,68724000.0,-60582000.0,-40495000.0,126000000.0,434622000.0,20303000.0,15042000.0,3587000.0,-47173000.0,,,115419000.0,-21968000.0,-6186000.0,14129000.0,-74346000.0,54440000.0,10978000.0,126511000.0,42410000.0,2121000.0,35000.0,-16433000.0,-15782000.0,-15782000.0,-15782000.0,233520000.0,541525000.0,,-47173000.0,637558000.0,2690000.0,84665000.0,,130031000.0,3693000.0,244871000.0,264236000.0,,184783000.0,158899000.0,89404000.0,1218536000.0,-16433000.0,12429000.0,-3406000.0,300492000.0,489580000.0,662847000.0,597214000.0,25205000.0,550041000.0,555654000.0,244871000.0,,,,,,,,,
2019-12-31,ADESE.IS,162185000.0,-779000.0,,5837000.0,-1488000.0,30090000.0,23924000.0,-66154000.0,-81468000.0,-108728000.0,126000000.0,143353000.0,37554000.0,24820000.0,3587000.0,-55144000.0,,,55632000.0,-750000.0,-251000.0,14516000.0,-93884000.0,30516000.0,-1999000.0,126511000.0,67651000.0,4261000.0,35000.0,177795000.0,-499000.0,-499000.0,-499000.0,400489000.0,570826000.0,,-55144000.0,728356000.0,3419000.0,47073000.0,,153346000.0,-2369000.0,273715000.0,346504000.0,,185627000.0,113145000.0,130081000.0,1535710000.0,177795000.0,-177615000.0,-1668000.0,442073000.0,685592000.0,950333000.0,254129000.0,54394000.0,198985000.0,585342000.0,273715000.0,,,,,,,,,
2020-12-31,ADESE.IS,93507000.0,-599000.0,511000.0,23937000.0,18100000.0,11354000.0,10168000.0,-75333000.0,-17253000.0,27417000.0,252000000.0,163820000.0,34539000.0,18840000.0,3587000.0,-76644000.0,,,49373000.0,-68180000.0,5634000.0,14376000.0,-35064000.0,20348000.0,-4191000.0,126511000.0,54009000.0,10167000.0,36000.0,-17329000.0,-73814000.0,-73814000.0,-73814000.0,232329000.0,769921000.0,,-76644000.0,746994000.0,3813000.0,15927000.0,,193373000.0,1776000.0,416869000.0,501026000.0,,114917000.0,124241000.0,343658000.0,1553489000.0,109182000.0,-97860000.0,6778000.0,280926000.0,493730000.0,769156000.0,289837000.0,8464000.0,213193000.0,784297000.0,416869000.0,,,,,,,,,
2021-12-31,ADESE.IS,3512000.0,-440000.0,514000.0,374662000.0,350725000.0,-26443000.0,15128000.0,-86803000.0,-511630000.0,208707000.0,1008000000.0,4309000.0,139000.0,985000.0,3587000.0,26705000.0,,,45880000.0,467891000.0,86658000.0,14134000.0,-92437000.0,5220000.0,-130071000.0,756003000.0,33652000.0,176942000.0,,-278887000.0,384820000.0,384820000.0,381233000.0,34022000.0,1910200000.0,,26705000.0,1647076000.0,6786000.0,14084000.0,,239576000.0,7000.0,439843000.0,858000.0,,475977000.0,19168000.0,33200000.0,2260691000.0,477116000.0,-14373000.0,-112018000.0,421681000.0,62662000.0,336357000.0,23484000.0,441186000.0,50189000.0,1924334000.0,439843000.0,,,,,,,,,
2018-12-31,AGHOL.IS,4161193000.0,-1765134000.0,1200135000.0,5282990000.0,-520434000.0,-498296000.0,-677357000.0,1000344000.0,2782723000.0,820303000.0,243535000.0,16363898000.0,956514000.0,1663225000.0,9944000.0,1806850000.0,,,7617357000.0,-816308000.0,287171000.0,14490372000.0,-1243994000.0,3131137000.0,-82505000.0,,8549418000.0,1975317000.0,16413086000.0,-3796362000.0,-1168151000.0,-1168151000.0,-1103479000.0,3955316000.0,-12051010000.0,,1806850000.0,1854692000.0,665143000.0,1110074000.0,,3671727000.0,-84212000.0,1393571000.0,13041283000.0,4481000.0,2209206000.0,5890238000.0,3643106000.0,47457757000.0,-5161631000.0,3922791000.0,-1439026000.0,13489008000.0,13614093000.0,25998224000.0,22174405000.0,-2623158000.0,23981255000.0,5046447000.0,1393571000.0,-25000000.0,2157432000.0,2607085000.0,-1340269000.0,206138000.0,38322000.0,,,
2019-12-31,AGHOL.IS,11482715000.0,-2257119000.0,1057708000.0,8927687000.0,3639754000.0,-177371000.0,-134244000.0,2099625000.0,1331171000.0,1031913000.0,243535000.0,31234092000.0,1029552000.0,2461245000.0,9944000.0,3311008000.0,,,13547590000.0,1768842000.0,517930000.0,16789035000.0,-2691692000.0,5698025000.0,-151367000.0,,13982755000.0,78937000.0,17788753000.0,-1960932000.0,564869000.0,564869000.0,1250912000.0,3917570000.0,-17540615000.0,,3311008000.0,1908640000.0,949992000.0,1188668000.0,,4050904000.0,-81768000.0,1846624000.0,20242056000.0,4789000.0,3034962000.0,10313561000.0,3270718000.0,66429538000.0,-3776395000.0,7177208000.0,154075000.0,20476461000.0,21832636000.0,42457956000.0,41470674000.0,-1542166000.0,44781682000.0,6182829000.0,1846624000.0,-25000000.0,84866000.0,6934409000.0,-1790463000.0,1695740000.0,415871000.0,,,
2020-12-31,AGHOL.IS,14286368000.0,-2679715000.0,597228000.0,12878419000.0,3948789000.0,-115980000.0,-1431994000.0,2926898000.0,4294563000.0,1066092000.0,243535000.0,44144835000.0,1209395000.0,3138099000.0,-155961000.0,5046120000.0,,,17936658000.0,1601452000.0,902916000.0,17695676000.0,-2721246000.0,7168883000.0,-278682000.0,,13894316000.0,152080000.0,18435031000.0,-3482909000.0,-350645000.0,-350645000.0,698536000.0,3996039000.0,-18948327000.0,,5046120000.0,2039293000.0,1839852000.0,2488991000.0,,4403663000.0,-188316000.0,1744690000.0,19878820000.0,6602000.0,3174204000.0,13072252000.0,2767961000.0,73272993000.0,-4868762000.0,9527033000.0,-1061388000.0,26494816000.0,27983618000.0,49078305000.0,57035373000.0,-3444668000.0,62081493000.0,5759657000.0,1744690000.0,-183316000.0,351906000.0,7012308000.0,-1202537000.0,395795000.0,64003000.0,,,
2021-12-31,AGHOL.IS,23327124000.0,-4166067000.0,97540000.0,16162782000.0,3291996000.0,-2762083000.0,-4203043000.0,8580760000.0,5914043000.0,1214318000.0,243535000.0,58421693000.0,2484060000.0,3500645000.0,-42188000.0,6950798000.0,,,24319179000.0,4982043000.0,1397926000.0,27610213000.0,-4018070000.0,11422692000.0,-522168000.0,,18842371000.0,830912000.0,30334633000.0,-1663246000.0,1290783000.0,1290783000.0,3584117000.0,6804942000.0,-31536987000.0,,6950798000.0,3003883000.0,2819197000.0,3483191000.0,,7143165000.0,29173000.0,3764114000.0,29405178000.0,13157000.0,4883080000.0,17326051000.0,7017742000.0,111816191000.0,-5088413000.0,13535423000.0,-6513657000.0,38050962000.0,43556171000.0,72493289000.0,75790074000.0,-1968755000.0,82740872000.0,8988269000.0,3764114000.0,-1790673000.0,1358643000.0,12915043000.0,-1634494000.0,-78082000.0,131552000.0,,,
2018-12-31,AKBNK.IS,208629900000.0,-1074283000.0,1700000000.0,18181330000.0,5734988000.0,,,0.0,4805941000.0,-21602545000.0,4000000000.0,60861000.0,143808000.0,358082000.0,,0.0,,,12980427000.0,7136434000.0,1427281000.0,646193000.0,,,10200548000.0,3005742000.0,71456734000.0,35640346000.0,126000.0,116580000.0,5709166000.0,5709166000.0,5709153000.0,306034000.0,43140722000.0,,7136516000.0,213804130000.0,40565542000.0,530543000.0,,13025422000.0,3456948000.0,2743514000.0,3959052000.0,,35343401000.0,2386963000.0,,354681610000.0,5247415000.0,-10867040000.0,6755629000.0,100631889000.0,226412413000.0,310894569000.0,5904772000.0,-82000.0,13041288000.0,43786915000.0,2743514000.0,-1600000000.0,4598984000.0,,6730835000.0,-2375864000.0,12114655000.0,,,
2019-12-31,AKBNK.IS,244712333000.0,-1225140000.0,3505742000.0,17448345000.0,259523000.0,,,0.0,7431571000.0,-34626240000.0,5200000000.0,55221000.0,135972000.0,874276000.0,,0.0,,,14851824000.0,6926826000.0,1574487000.0,953188000.0,,,-22996542000.0,3005742000.0,60524431000.0,57567757000.0,159000.0,814700000.0,5352325000.0,5352325000.0,5352339000.0,9971000.0,53409106000.0,,6926870000.0,225842018000.0,48236346000.0,831699000.0,,13708371000.0,4912374000.0,4959895000.0,4919697000.0,,40696657000.0,3012580000.0,,387172437000.0,40537756000.0,-21360326000.0,-22163365000.0,97889777000.0,258016896000.0,332809984000.0,7980175000.0,-44000.0,14907045000.0,54362294000.0,4959895000.0,-626080000.0,3245458000.0,,36717314000.0,2035245000.0,8422563000.0,,,
2020-12-31,AKBNK.IS,292519007000.0,,3505742000.0,22923518000.0,-5196671000.0,,,0.0,7584103000.0,-64302217000.0,5200000000.0,51152000.0,147990000.0,1014873000.0,,0.0,,,18962037000.0,8284159000.0,2024511000.0,1190909000.0,,,-12568137000.0,,60752890000.0,64745753000.0,182000.0,6774018000.0,6259625000.0,6259625000.0,6259648000.0,,61732966000.0,,8316374000.0,273202250000.0,61238906000.0,1667242000.0,,18498761000.0,7335231000.0,7248972000.0,6003406000.0,,46969161000.0,3310432000.0,20166272000.0,478316575000.0,54570883000.0,-52982724000.0,-10300952000.0,133174257000.0,335661596000.0,415392518000.0,10696815000.0,-32215000.0,19013189000.0,62923875000.0,7248972000.0,-626080000.0,3516122000.0,,47796865000.0,2218518000.0,16984050000.0,,,
2021-12-31,AKBNK.IS,453550579000.0,,3505742000.0,66421167000.0,35120810000.0,,,0.0,-3986240000.0,-115115578000.0,5200000000.0,70294000.0,152170000.0,1180604000.0,,0.0,,,34267024000.0,16640462000.0,4513271000.0,1499602000.0,,,-46793536000.0,,46618090000.0,83101169000.0,,22510004000.0,12127191000.0,12127191000.0,12127191000.0,124001000.0,74459711000.0,,16641979000.0,393331152000.0,111598367000.0,2404491000.0,,30835867000.0,13734970000.0,8754051000.0,5894836000.0,,58499520000.0,3890075000.0,117659852000.0,762798330000.0,182425169000.0,-114946976000.0,-45566521000.0,278971571000.0,608862643000.0,686839017000.0,17695339000.0,-1517000.0,34337318000.0,75959313000.0,8754051000.0,-626080000.0,13209138000.0,,160541245000.0,998100000.0,40231789000.0,,,
2018-12-31,AKSA.IS,773900000.0,-373514000.0,44000.0,837838000.0,275928000.0,-223568000.0,-71341000.0,56007000.0,221669000.0,-15367000.0,185000000.0,2916366000.0,,89340000.0,,461023000.0,,,621182000.0,256575000.0,32279000.0,53021000.0,-63728000.0,485190000.0,-20000000.0,57225000.0,645058000.0,288513000.0,,604282000.0,224296000.0,224296000.0,224296000.0,1112813000.0,1388472000.0,,461023000.0,64450000.0,5091000.0,15998000.0,,38837000.0,874000.0,451752000.0,1328532000.0,4855000.0,842150000.0,154430000.0,271424000.0,4188627000.0,346599000.0,281525000.0,-357923000.0,2448122000.0,2057250000.0,2741145000.0,3076525000.0,-204448000.0,3537548000.0,1447482000.0,420288000.0,-207200000.0,5727000.0,5989000.0,-19019000.0,-20255000.0,,11732000.0,-31464000.0,
2019-12-31,AKSA.IS,916128000.0,-155027000.0,44000.0,635091000.0,-199708000.0,52373000.0,-178273000.0,130838000.0,242559000.0,40544000.0,185000000.0,3025933000.0,,109606000.0,,439926000.0,,,619967000.0,347552000.0,69870000.0,56515000.0,-82932000.0,672302000.0,-20000000.0,57225000.0,505382000.0,323342000.0,,-428604000.0,277682000.0,277682000.0,277682000.0,841003000.0,1472716000.0,,439926000.0,217609000.0,26291000.0,62367000.0,,62345000.0,22377000.0,469153000.0,1404707000.0,7568000.0,915129000.0,150096000.0,217816000.0,4187921000.0,-689705000.0,677021000.0,-192055000.0,2179759000.0,2071596000.0,2652701000.0,3205974000.0,-92374000.0,3645900000.0,1535220000.0,435047000.0,-200782000.0,5031000.0,5989000.0,-53756000.0,-20255000.0,,15891000.0,-6563000.0,
2020-12-31,AKSA.IS,763814000.0,-385989000.0,,906204000.0,269960000.0,-145316000.0,43861000.0,-109166000.0,397317000.0,110134000.0,323750000.0,3141662000.0,2264000.0,123309000.0,,744904000.0,,,968195000.0,492675000.0,52722000.0,61079000.0,-88188000.0,630967000.0,-16845000.0,57225000.0,1149230000.0,388529000.0,,79856000.0,439953000.0,439953000.0,439953000.0,953187000.0,1799092000.0,,744904000.0,203448000.0,120851000.0,304059000.0,,57255000.0,49042000.0,415064000.0,1612977000.0,11065000.0,1134012000.0,163184000.0,197330000.0,4926012000.0,-189431000.0,862084000.0,-408236000.0,2653990000.0,1818201000.0,3059852000.0,3364953000.0,-252229000.0,4109857000.0,1866160000.0,408398000.0,-238684000.0,5543000.0,5989000.0,-75657000.0,-7653000.0,37261000.0,23706000.0,-12171000.0,
2021-12-31,AKSA.IS,3166535000.0,-601714000.0,,2835689000.0,1930369000.0,-12387000.0,-926992000.0,1766103000.0,1068562000.0,-290855000.0,323750000.0,6504250000.0,192080000.0,136353000.0,,1529945000.0,,,1843907000.0,1131838000.0,-35370000.0,64002000.0,-66767000.0,1559041000.0,37018000.0,18498000.0,565315000.0,778181000.0,,-166003000.0,1167208000.0,1167208000.0,1167208000.0,1498822000.0,2764288000.0,,1529945000.0,460232000.0,127816000.0,300741000.0,,89960000.0,32483000.0,479140000.0,2106330000.0,14873000.0,2031389000.0,266606000.0,227640000.0,9443050000.0,-460382000.0,2910752000.0,-550069000.0,6028316000.0,5908199000.0,6608771000.0,6818212000.0,-398107000.0,8348157000.0,2834279000.0,479140000.0,-281663000.0,30068000.0,5989000.0,-31214000.0,-114597000.0,,51720000.0,,
2018-12-31,AKSEN.IS,551532389.0,-184814926.0,247403635.0,53026362.0,-6551429.0,-809180319.0,15548018.0,61929456.0,319487652.0,-252735878.0,613169118.0,3933709353.0,125276334.0,393975740.0,,668010979.0,,,735539749.0,179777248.0,29298814.0,91845092.0,-554746837.0,369140605.0,,,1600687790.0,412408.0,181851117.0,319151765.0,26094071.0,26094071.0,150478434.0,1809118969.0,1544255927.0,,668010979.0,141056099.0,185275291.0,108286102.0,,191986452.0,-1179439.0,864950079.0,3774056402.0,,-89421813.0,68708209.0,1640790850.0,6438141992.0,379800405.0,-244838660.0,-141513174.0,2430771991.0,2827515614.0,4620189856.0,4001238123.0,-488233731.0,4669249102.0,1636101019.0,864950079.0,,,,60648640.0,,,,,
2019-12-31,AKSEN.IS,599548139.0,-122281378.0,247403635.0,121503123.0,68636091.0,-408552529.0,-168575415.0,77077750.0,275254630.0,220296457.0,613169118.0,4563137567.0,155505193.0,485456172.0,,966695243.0,,,1015457214.0,551452721.0,96109432.0,99461368.0,-489369965.0,325994737.0,,,1142056814.0,412408.0,328515851.0,-233040595.0,329182900.0,329182900.0,455343289.0,2068427063.0,3390983746.0,,966695243.0,169324015.0,137446041.0,221560927.0,,560948584.0,-44643519.0,2498331703.0,5547963353.0,,131540658.0,93405490.0,1286342365.0,8501122048.0,-589758517.0,810153303.0,-151758695.0,2683960904.0,2944410410.0,4682161083.0,4611899538.0,-415242522.0,5578594781.0,3490445114.0,2498331703.0,,,,-356717922.0,,,,,
2020-12-31,AKSEN.IS,778534515.0,-254327249.0,247403635.0,314171908.0,195140665.0,-786120993.0,189417785.0,180365083.0,599056624.0,108294278.0,613169118.0,6032956098.0,185220021.0,465554271.0,,1051955379.0,,,1197590437.0,706829016.0,148824227.0,115884555.0,-450940677.0,230098600.0,,,834709520.0,412408.0,406158727.0,-462312192.0,470035971.0,470035971.0,558004789.0,2818253850.0,4103300901.0,,1051955379.0,194039280.0,74878776.0,309513244.0,,670001869.0,37209972.0,2690241545.0,5728574548.0,,668371158.0,108425086.0,1304134918.0,9502694305.0,-795668105.0,1226647112.0,-235838342.0,3463783514.0,3297663524.0,4877350122.0,6178591156.0,-345126363.0,7230546535.0,4219185456.0,2690241545.0,,,,-333355913.0,,,,,
2021-12-31,AKSEN.IS,2013603056.0,-2715880635.0,10726734.0,524701915.0,210750388.0,-2666057445.0,-86930675.0,1239952309.0,773400250.0,2454965.0,1226338236.0,11808767055.0,30526428.0,567859917.0,,1887392309.0,,,2078729539.0,2400326631.0,565239976.0,222087752.0,-526495522.0,334288178.0,,,2435863452.0,412408.0,932390226.0,2342559292.0,1679749785.0,1679749785.0,1835086655.0,5429517167.0,9429730236.0,,1887392309.0,195810672.0,800539446.0,775799277.0,,1290158453.0,20562757.0,5719457392.0,13102127248.0,,2695295626.0,170774473.0,1225736522.0,20649538050.0,1447332274.0,1510513229.0,-2747095115.0,7129099970.0,6271870323.0,10065329836.0,12000104285.0,512934322.0,13887496594.0,9651817988.0,5719457392.0,,,,-895227018.0,,,,,
2018-12-31,ALGYO.IS,2990536.0,-10710.0,,79114990.0,4649497.0,-6085660.0,,851184.0,-219201232.0,464172.0,10650794.0,2821362.0,,21457.0,,22353318.0,,,26385556.0,269599472.0,0.0,44799.0,-33319.0,3271735.0,-10096130.0,,,443830377.0,,8037671.0,269599472.0,269599472.0,269599472.0,28207319.0,1143363458.0,,22353318.0,597094084.0,697256.0,1827939.0,,1525735.0,-3036805.0,53036974.0,29723.0,,1104720434.0,7069043.0,,1152290283.0,-40337089.0,45649393.0,-662807.0,111291300.0,7356291.0,8882026.0,6853600.0,247246154.0,29206918.0,1143408257.0,28037029.0,-15337144.0,,,,12774234.0,,,-24999945.0,
2019-12-31,ALGYO.IS,3551695.0,-10710.0,,121601288.0,42486298.0,-7443255.0,,561159.0,-327855026.0,458054.0,10650794.0,1713356.0,,19536.0,,29521265.0,,,34501701.0,389574941.0,0.0,47730.0,-530894.0,3271735.0,-49474200.0,,,487453510.0,,8037671.0,389574941.0,389574941.0,389574941.0,35652107.0,1513068714.0,,29521265.0,882372141.0,966885.0,1573516.0,,1633994.0,-2352133.0,59021372.0,25839.0,,1467242358.0,7332569.0,,1531391235.0,-17813481.0,55315409.0,4984370.0,161492015.0,10879637.0,18274791.0,6693792.0,360053676.0,36215057.0,1513116444.0,35223292.0,-25851152.0,,,,19576810.0,,,,
2020-12-31,ALGYO.IS,6341218.0,-10710.0,,9710342.0,-111890946.0,10297033.0,,2789523.0,-424527109.0,-2131507.0,64400000.0,1910720.0,,20351.0,,19099334.0,,,24918067.0,330185303.0,0.0,37556.0,-1363471.0,3271735.0,-49474200.0,,,752599517.0,,-1756525.0,330185303.0,330185303.0,330185303.0,25345660.0,1810057113.0,,19099334.0,1035283984.0,963729.0,2032486.0,,1931532.0,-940238.0,10834626.0,32438.0,,1756855661.0,6758971.0,,1827244961.0,-40526063.0,-83366406.0,12001523.0,39291466.0,11214125.0,17150292.0,7729453.0,311085969.0,26828787.0,1810094669.0,-11160992.0,-38769538.0,,,,15195181.0,,,,
2021-12-31,ALGYO.IS,7921900.0,-90158.0,,124106632.0,114396290.0,-115457838.0,,1580682.0,-530502558.0,14193232.0,64400000.0,1543441.0,,23296.0,,116368042.0,,,124734532.0,1261477309.0,0.0,110010.0,-1013766.0,3271735.0,-49474200.0,,,633058968.0,,-1916094.0,1261477309.0,1261477309.0,1261477309.0,140777320.0,3059922668.0,,116368042.0,2192520850.0,1312513.0,5337067.0,,3029350.0,-3666298.0,44990086.0,26846.0,,2970406590.0,12032788.0,,3095184874.0,-49916474.0,631314123.0,-467001359.0,269468200.0,30034305.0,35152196.0,9909931.0,1145109267.0,126277973.0,3060032678.0,25226088.0,-48000380.0,,,,34540693.0,,,,
2018-12-31,ALARK.IS,380453337.0,-103514448.0,,438116759.0,90083969.0,-58293882.0,-72072806.0,296183725.0,405727687.0,38847555.0,435000000.0,959763573.0,50404750.0,42664492.0,,51740849.0,,,177486199.0,-40729991.0,46878684.0,81418073.0,-46957035.0,228396925.0,-29353855.0,,235756375.0,423009389.0,447298885.0,-62688768.0,-193977025.0,-193977025.0,-87608675.0,214230351.0,1087774659.0,,51740849.0,527571745.0,113275122.0,293213676.0,,285265861.0,20594977.0,62891486.0,409869990.0,,699431698.0,105150373.0,91144517.0,3012248675.0,-179811867.0,459079746.0,-199854788.0,1567248971.0,871604315.0,1392626551.0,1085508923.0,-92470840.0,1137249772.0,1172323239.0,37891541.0,-60123057.0,10670878.0,3130507.0,-32000097.0,8518117.0,448916472.0,,-24999945.0,
2019-12-31,ALARK.IS,300731649.0,-24632112.0,,346458320.0,-91658439.0,-171021656.0,121771671.0,-222373057.0,-47831338.0,-26992400.0,435000000.0,1012492531.0,35188222.0,41466708.0,,263722549.0,,,373269438.0,507722526.0,52012262.0,79937258.0,-38124394.0,106625254.0,43100688.0,,163016230.0,604392757.0,498792742.0,-124362845.0,384796945.0,384796945.0,455710264.0,375869161.0,1423155051.0,,263722549.0,581003527.0,93751760.0,184149051.0,,309772825.0,-11540819.0,73138091.0,437426221.0,,1010269088.0,121087708.0,104054776.0,3196615293.0,-245363849.0,79816873.0,50623266.0,1490725023.0,667382848.0,1191599735.0,1122039420.0,243999977.0,1385761969.0,1506222816.0,60953728.0,-73333637.0,23265271.0,3130507.0,-47667367.0,-22200563.0,493133191.0,,,
2020-12-31,ALARK.IS,144275731.0,-37792250.0,,375385673.0,28927353.0,16348290.0,-6686079.0,179766692.0,-579091321.0,-28590160.0,435000000.0,642017673.0,10446798.0,37163733.0,,251977286.0,,,390118557.0,948118476.0,42135538.0,79212683.0,-37887563.0,113311333.0,-209185798.0,,87650728.0,1299025895.0,583502360.0,-191290282.0,801953738.0,801953738.0,905982938.0,357734231.0,2219961123.0,,251977286.0,623820519.0,75908100.0,476872998.0,,348830359.0,24974889.0,100606461.0,422769418.0,,1777959099.0,113166382.0,94398143.0,4093383761.0,-265088449.0,420864893.0,-148943467.0,1665424739.0,749760605.0,1207577088.0,780158944.0,696141190.0,1032136230.0,2302304313.0,89345214.0,-33320846.0,22094376.0,3130507.0,-40477321.0,-18856959.0,649277291.0,,,
2021-12-31,ALARK.IS,384896328.0,-554456468.0,,840258586.0,464872913.0,-196207006.0,-165411171.0,1105291379.0,-1254957478.0,-65123483.0,435000000.0,1986322723.0,126476548.0,49282845.0,,-103891706.0,,,30231172.0,1531958979.0,-51717513.0,82412330.0,-55485608.0,278722504.0,401492398.0,,26044381.0,2658499598.0,867439308.0,-6524164.0,1274416737.0,1274416737.0,1583676492.0,573855259.0,3605558736.0,,-103891706.0,996722539.0,237430953.0,1472993906.0,,394888677.0,-2800468.0,309415177.0,957101990.0,,2956805106.0,136923346.0,61095749.0,7131820762.0,-106077055.0,747291823.0,-173854669.0,2433953798.0,2126349263.0,2573279881.0,2120445601.0,1635850685.0,2016553895.0,3691101573.0,299296467.0,-58675511.0,-2487186.0,3130507.0,-40877380.0,-7973050.0,414815086.0,,,
2018-12-31,AEFES.IS,3600610000.0,-1610169000.0,2765214000.0,4770052000.0,-642826000.0,-651258000.0,-423476000.0,982444000.0,1185871000.0,242944000.0,592105000.0,12024598000.0,675375000.0,1493405000.0,3006000.0,1399885000.0,,,6665088000.0,376058000.0,277172000.0,14343538000.0,-555814000.0,1943100000.0,-105069000.0,,6871241000.0,71987000.0,9952962000.0,-3315917000.0,-11684000.0,-11684000.0,98886000.0,2510485000.0,-5781452000.0,,1399885000.0,1298542000.0,731333000.0,642900000.0,,3527723000.0,-131286000.0,3490184000.0,10753432000.0,,4327579000.0,5396489000.0,1522606000.0,39435190000.0,-4115991000.0,2818246000.0,-1372787000.0,10354695000.0,7905858000.0,18307146000.0,17289801000.0,-1023827000.0,18689686000.0,11175082000.0,3490184000.0,-251910000.0,2027706000.0,2612996000.0,-548164000.0,236505000.0,21163000.0,,,
2019-12-31,AEFES.IS,5298119000.0,-1823036000.0,2434374000.0,5814721000.0,1039766000.0,-337466000.0,-402022000.0,1610696000.0,560902000.0,-46377000.0,592105000.0,14423166000.0,636111000.0,1737220000.0,3006000.0,2231393000.0,,,8653398000.0,1957862000.0,652273000.0,16302843000.0,-588998000.0,2257493000.0,-114189000.0,,7937966000.0,62811000.0,11203005000.0,-371316000.0,1034162000.0,1034162000.0,1305589000.0,2890742000.0,-6346900000.0,,2231393000.0,1224534000.0,882674000.0,809006000.0,,3567816000.0,-139222000.0,4564837000.0,12402636000.0,,5585979000.0,6561227000.0,1408566000.0,45898132000.0,-1489217000.0,4157115000.0,-1526174000.0,12683956000.0,9696522000.0,21517832000.0,20845171000.0,-273531000.0,23076564000.0,13177295000.0,4564837000.0,-300832000.0,-101958000.0,3221352000.0,-817069000.0,,380280000.0,,,
2020-12-31,AEFES.IS,6196323000.0,-1627556000.0,1364733000.0,8524950000.0,2712010000.0,52560000.0,-471966000.0,913204000.0,1554212000.0,36498000.0,592105000.0,16891243000.0,942314000.0,2073049000.0,-3964000.0,2943787000.0,,,9851450000.0,2066950000.0,610076000.0,17167708000.0,-658380000.0,2708747000.0,-126393000.0,,8922215000.0,799000.0,12208964000.0,-516818000.0,814759000.0,814759000.0,1456874000.0,2903472000.0,-7661194000.0,,2943787000.0,1451734000.0,1156321000.0,1953993000.0,,3824415000.0,-243636000.0,4448188000.0,12919319000.0,,6400738000.0,7151299000.0,544443000.0,50561368000.0,-1129171000.0,4972316000.0,-1515021000.0,15722558000.0,12542103000.0,25546640000.0,23798906000.0,-876837000.0,26742693000.0,12805764000.0,4448188000.0,-604324000.0,383886000.0,3299250000.0,-8029000.0,,23164000.0,,,
2021-12-31,AEFES.IS,12701964000.0,-2939208000.0,204017000.0,10260355000.0,1745449000.0,-2423702000.0,-3053960000.0,5955232000.0,3187690000.0,939965000.0,592105000.0,25252153000.0,2031664000.0,2399006000.0,,4501968000.0,,,14043855000.0,3802921000.0,1435655000.0,26991069000.0,-1091827000.0,5903274000.0,-87000000.0,,14362148000.0,822000.0,20617411000.0,517879000.0,1068303000.0,1068303000.0,2367266000.0,5268809000.0,-17477972000.0,,4501968000.0,2451146000.0,2719118000.0,2484843000.0,,6411702000.0,-412773000.0,10476851000.0,21728340000.0,,7442109000.0,9954660000.0,3701488000.0,85037222000.0,-2124734000.0,8072534000.0,-5789734000.0,24663860000.0,24521394000.0,45704729000.0,34794040000.0,-699047000.0,39296008000.0,18715082000.0,10476851000.0,-2210945000.0,1587383000.0,9201985000.0,-431668000.0,,11576000.0,,,
2018-12-31,ARCLK.IS,4734444000.0,-1797305000.0,889000.0,5341524000.0,2756385000.0,-1283364000.0,-1348338000.0,1208679000.0,1957077000.0,-395315000.0,675728000.0,18388766000.0,878247000.0,522504000.0,,2037690000.0,,,8515618000.0,949406000.0,93565000.0,1915313000.0,-1074789000.0,5112784000.0,-57237000.0,,6431552000.0,515274000.0,35815000.0,3260495000.0,851756000.0,851756000.0,855841000.0,8244327000.0,5760068000.0,,2037690000.0,1699974000.0,312107000.0,955692000.0,,1220691000.0,-30770000.0,2582550000.0,4534276000.0,204792000.0,4924180000.0,6303906000.0,1494640000.0,28368361000.0,2402330000.0,1680909000.0,-1781726000.0,19195558000.0,12496956000.0,20149199000.0,24866694000.0,-1088284000.0,26904384000.0,8183347000.0,2582550000.0,-435168000.0,454872000.0,507966000.0,-422997000.0,35309000.0,,685536000.0,-1215266000.0,
2019-12-31,ARCLK.IS,5564139000.0,-1379604000.0,889000.0,6937060000.0,1585660000.0,-1548013000.0,-287696000.0,951381000.0,1978112000.0,101329000.0,675728000.0,21726871000.0,1012290000.0,845661000.0,,2186458000.0,,,10214902000.0,1114180000.0,161154000.0,2113582000.0,-1577678000.0,5678109000.0,-167686000.0,,8314341000.0,529508000.0,157685000.0,1172396000.0,924833000.0,924833000.0,953026000.0,9835307000.0,6735916000.0,,2186458000.0,2053576000.0,568185000.0,1257252000.0,,1326128000.0,52774000.0,3132654000.0,6041402000.0,256751000.0,5849013000.0,7718919000.0,2119221000.0,34729500000.0,-160651000.0,3174880000.0,-1912128000.0,23182646000.0,14714925000.0,24913531000.0,29755315000.0,-1072278000.0,31941773000.0,9658284000.0,3132654000.0,-1500000000.0,483559000.0,808786000.0,-1333047000.0,93000.0,,864353000.0,-1215266000.0,
2020-12-31,ARCLK.IS,9645202000.0,-1735316000.0,889000.0,12002246000.0,5065289000.0,-2781751000.0,-1550665000.0,4480602000.0,2603458000.0,-400572000.0,675728000.0,27066110000.0,833284000.0,976603000.0,,3791301000.0,,,13806373000.0,3497905000.0,618916000.0,2543122000.0,-1527014000.0,7282765000.0,-35228000.0,,6128456000.0,653630000.0,203801000.0,295083000.0,2847839000.0,2847839000.0,2878989000.0,12693934000.0,10287863000.0,,3791301000.0,2005815000.0,744910000.0,1286502000.0,,1853934000.0,51654000.0,4446576000.0,7296568000.0,318211000.0,8696852000.0,9645207000.0,5393170000.0,46549044000.0,-1307361000.0,6420905000.0,-1321760000.0,33060849000.0,23826916000.0,32525198000.0,37081182000.0,-293396000.0,40872483000.0,13820045000.0,4446576000.0,-1500000000.0,1273505000.0,989060000.0,-1602444000.0,93000.0,,1020822000.0,-1215266000.0,
2021-12-31,ARCLK.IS,19669031000.0,-2515344000.0,889000.0,16014589000.0,4023688000.0,-10244163000.0,-8778570000.0,8117964000.0,5646122000.0,-279156000.0,675728000.0,47706092000.0,1823680000.0,1581026000.0,,4962821000.0,,,20478345000.0,3622614000.0,371605000.0,5248714000.0,-2086345000.0,17086775000.0,-137704000.0,,18431035000.0,885097000.0,1671732000.0,8985491000.0,3064674000.0,3064674000.0,3251009000.0,24512556000.0,11290321000.0,,4962821000.0,3380203000.0,1574071000.0,2838555000.0,,3986368000.0,45928000.0,9660606000.0,13125336000.0,444068000.0,10261526000.0,15025528000.0,2459839000.0,85078606000.0,4802358000.0,-627447000.0,-4383598000.0,59594808000.0,40501624000.0,64023391000.0,63221616000.0,-1340207000.0,68184437000.0,19383483000.0,8445340000.0,-1500000000.0,4232375000.0,2844448000.0,-1467867000.0,11507000.0,,1324601000.0,-1215266000.0,
2018-12-31,ARDYZ.IS,10739447.0,-2713690.0,,145305.0,-623221.0,-15883347.0,8962982.0,-2886592.0,2676298.0,-997932.0,18000000.0,21245272.0,1097052.0,516618.0,,24566278.0,,,30133406.0,22759724.0,361798.0,32185887.0,-1963698.0,683682.0,,5225924.0,2217046.0,,,-245788.0,22397926.0,22397926.0,22397926.0,29412606.0,13927825.0,,24566278.0,1123252.0,100983.0,67825.0,,1729934.0,209252.0,-19041.0,3158456.0,2909788.0,28132753.0,2448088.0,2346674.0,66840171.0,3122424.0,16748345.0,-20493990.0,30372576.0,16779479.0,20726459.0,26812400.0,-1806554.0,51378678.0,46113712.0,-19041.0,-1550000.0,,,-1857712.0,,,,,
2019-12-31,ARDYZ.IS,3172394.0,-203132.0,,1744656.0,1599351.0,-15780206.0,402872.0,-8413488.0,2659937.0,4287857.0,18000000.0,23134792.0,,811308.0,,28071406.0,,,33622979.0,26355973.0,-51787.0,40792080.0,-1760249.0,280810.0,,38356250.0,2033039.0,,,1653076.0,26407760.0,26407760.0,26407760.0,40856507.0,31756931.0,,28071406.0,26200.0,104719.0,34024.0,,564258.0,927363.0,8498.0,2585227.0,1574605.0,54540513.0,3049605.0,5397205.0,86390199.0,-67497.0,13949499.0,-12282651.0,42986692.0,11135827.0,13841188.0,28686365.0,-1715433.0,56757771.0,72549011.0,8498.0,-1550000.0,,,-1720573.0,,,,,
2020-12-31,ARDYZ.IS,9562520.0,-5180327.0,30961672.0,27282062.0,25537406.0,-21787485.0,-3291226.0,5333782.0,1087627.0,-369751.0,23875000.0,37241556.0,,1454679.0,,69474209.0,,,87956268.0,66010377.0,341117.0,93705845.0,-978952.0,3572036.0,,38356250.0,4536556.0,,,623172.0,65669260.0,65669260.0,65669260.0,62563566.0,79815132.0,,69474209.0,26200.0,790532.0,110939.0,,766164.0,-2347887.0,24532.0,6192120.0,15970450.0,118659773.0,4859496.0,3723423.0,194182794.0,35550940.0,54193870.0,-64207404.0,94258629.0,15271295.0,20661817.0,55723615.0,-3463832.0,125197824.0,173520977.0,24532.0,-1550000.0,,,-1878482.0,,,,,
2021-12-31,ARDYZ.IS,26046341.0,-765826.0,,64022150.0,36740088.0,-55031522.0,-826401.0,16693246.0,619080.0,-626129.0,170000000.0,62568359.0,,1700088.0,,149601507.0,,,215628152.0,151990295.0,725584.0,161958050.0,-1438504.0,4398437.0,,,1434849.0,,,-2350914.0,151264711.0,151264711.0,151264711.0,116087883.0,155883557.0,,149601507.0,26200.0,2522611.0,249241.0,,1283877.0,556589.0,-21279.0,5259797.0,58037421.0,154761157.0,7432635.0,3185036.0,361277523.0,-975461.0,124212780.0,-86497231.0,187135205.0,33818919.0,36537645.0,128595004.0,2388788.0,278196511.0,324739878.0,-21279.0,,,6898271.0,1375453.0,,,,,
2018-12-31,ASELS.IS,1948885000.0,-343541000.0,2796723000.0,3115691000.0,1825636000.0,-1268990000.0,-1316341000.0,-36247000.0,1498388000.0,-1094198000.0,1140000000.0,6797424000.0,734092000.0,171391000.0,,1747230000.0,,,2211092000.0,2241766000.0,-77581000.0,65948000.0,-86520000.0,4777917000.0,,,20234000.0,872251000.0,44420000.0,3073976000.0,2318197000.0,2318197000.0,2319347000.0,3274839000.0,10066653000.0,,1747230000.0,5582455000.0,330202000.0,1883245000.0,,4591898000.0,-18032000.0,1043098000.0,1336297000.0,114408000.0,5152780000.0,367486000.0,67277000.0,19473631000.0,3268754000.0,272200000.0,-1746003000.0,11616680000.0,4684478000.0,9296610000.0,7261286000.0,494536000.0,9008516000.0,10132601000.0,1043098000.0,-84600000.0,30685000.0,,279378000.0,-8626000.0,,1016119000.0,,
2019-12-31,ASELS.IS,3120513000.0,-355248000.0,2796723000.0,3513842000.0,426016000.0,-3374680000.0,-877880000.0,483634000.0,1455867000.0,-291752000.0,1140000000.0,9640818000.0,785951000.0,241216000.0,,2681229000.0,,,3371733000.0,3308531000.0,-44142000.0,83819000.0,-517565000.0,5689322000.0,,,9098000.0,1110233000.0,70511000.0,1304660000.0,3340447000.0,3340447000.0,3352673000.0,4263584000.0,13414569000.0,,2681229000.0,8888562000.0,404879000.0,2168825000.0,,4307340000.0,-71353000.0,1242438000.0,1573931000.0,211565000.0,8319227000.0,550292000.0,611198000.0,25633043000.0,1130660000.0,976852000.0,-1695069000.0,13976498000.0,7743870000.0,12064144000.0,10331322000.0,627302000.0,13012551000.0,13498388000.0,1242438000.0,-174000000.0,13573000.0,,,-41150000.0,,1192759000.0,,
2020-12-31,ASELS.IS,4251469000.0,-859463000.0,2796723000.0,4081654000.0,565353000.0,-3468468000.0,-1012940000.0,-672201000.0,2862953000.0,-725348000.0,2280000000.0,11499440000.0,352900000.0,285498000.0,,3635683000.0,,,4605015000.0,4885151000.0,423885000.0,110623000.0,-590823000.0,6964960000.0,,,883448000.0,1333425000.0,216342000.0,994285000.0,4449106000.0,4449106000.0,4461266000.0,7816946000.0,17771138000.0,,3635683000.0,10713697000.0,479596000.0,4720917000.0,,2763574000.0,9482000.0,1511705000.0,2342223000.0,282580000.0,11293333000.0,677270000.0,1388850000.0,34094229000.0,742088000.0,1718600000.0,-2001277000.0,19594261000.0,12319765000.0,15996126000.0,12468772000.0,1249468000.0,16104455000.0,17881761000.0,1511705000.0,-252197000.0,105942000.0,,,66263000.0,17914000.0,1444695000.0,,
2021-12-31,ASELS.IS,6039472000.0,-1388135000.0,2796723000.0,2492096000.0,-1587150000.0,-6489832000.0,-2094115000.0,-544037000.0,5097644000.0,-1099863000.0,2280000000.0,13490042000.0,253422000.0,432191000.0,,5192313000.0,,,6648911000.0,7196423000.0,69082000.0,134052000.0,-620770000.0,9326670000.0,,,332762000.0,2368760000.0,271768000.0,-650909000.0,7130563000.0,7130563000.0,7127341000.0,10516842000.0,25429390000.0,,5192313000.0,17303195000.0,501334000.0,4938852000.0,,3489082000.0,-104340000.0,2462823000.0,3432149000.0,332748000.0,18023896000.0,1228190000.0,3114088000.0,46413298000.0,-754301000.0,2432551000.0,-3505944000.0,23175142000.0,16749927000.0,20578088000.0,14946640000.0,2004110000.0,20138953000.0,25563442000.0,2462823000.0,-103392000.0,240544000.0,,,-73003000.0,,2133558000.0,,
2019-12-31,AYDEM.IS,73198259.0,-154696366.0,1310500000.0,136532816.0,-24618389.0,32282821.0,-9490253.0,-29818261.0,1159775011.0,131503608.0,700000000.0,438938553.0,,296033748.0,,671711233.0,,,758062211.0,-533827704.0,41571436.0,309326710.0,-1319633373.0,19718568.0,-64820000.0,1710450000.0,,38830648.0,,-2251407794.0,-571112310.0,-571112310.0,-575399140.0,106943066.0,4111099464.0,,671711233.0,21566662.0,42486736.0,697217683.0,,4962934419.0,-2466413.0,4937946637.0,9567011582.0,,-2528020463.0,88817391.0,,10242416788.0,-1518856147.0,1009174364.0,72520494.0,305681186.0,850125302.0,5821990614.0,525289531.0,-1205538937.0,1197000764.0,4420426174.0,4937946637.0,,,,-977898353.0,-60029460.0,,,,
2020-12-31,AYDEM.IS,49644359.0,-74590248.0,51319818.0,145525078.0,8992262.0,37481801.0,7599787.0,-21486150.0,1281952179.0,-21509340.0,700000000.0,579470501.0,,355701742.0,,638661888.0,,,760904722.0,-714506247.0,-147225278.0,304154447.0,-399250713.0,8349581.0,-64820000.0,45098520.0,4186643526.0,,,-532332552.0,-567280969.0,-567280969.0,-567280969.0,150578822.0,5588697547.0,,638661888.0,15974459.0,6806986.0,96332291.0,,1472516863.0,8523976.0,6480576181.0,11825251745.0,,-1339044005.0,113718858.0,742297806.0,12470698190.0,-934460899.0,1072720477.0,-129267316.0,325317539.0,907466592.0,6577846196.0,701713335.0,-1353168135.0,1340375223.0,5892851994.0,6480576181.0,,,,-402128347.0,3074612.0,,,,
2021-12-31,AYDEM.IS,68147916.0,-358975553.0,91418338.0,1525592118.0,1380067040.0,-94534069.0,-206752.0,18503557.0,1158987841.0,45425422.0,705000000.0,727833752.0,,454359966.0,,438778965.0,,,512919646.0,-14332808.0,105958832.0,298995009.0,-488317240.0,8556333.0,-64820000.0,45098520.0,9292574451.0,,,524244839.0,-120291640.0,-120291640.0,-120291640.0,170063942.0,9504264931.0,,438778965.0,175563984.0,13497300.0,31952859.0,,2533745799.0,-20005514.0,10228476098.0,20316319436.0,,-1221634496.0,94146195.0,763819958.0,22531356887.0,328361001.0,1462580898.0,-410874859.0,1740478458.0,876633203.0,12728096947.0,801974433.0,-453111773.0,1240753398.0,9803259940.0,10228476098.0,,,,-240982358.0,6243618.0,,,,
2018-12-31,BASGZ.IS,659518185.0,-7744059.0,,769177457.0,-843451012.0,-87447967.0,-7436862.0,276705202.0,-84140359.0,23477786.0,700000000.0,2606930885.0,,121970071.0,,246743900.0,,,428691741.0,411358493.0,41527999.0,2203378560.0,-58561056.0,16854104.0,-1757103276.0,,345500000.0,,,449691205.0,369830494.0,369830494.0,369830494.0,745100736.0,-228834253.0,,246743900.0,959850650.0,13010827.0,1255951217.0,,339873993.0,154162106.0,,45611647.0,,1274544307.0,27785735.0,160765560.0,4756551272.0,-1473345597.0,612958365.0,21328501.0,1547710415.0,2096632972.0,2782006965.0,2788878726.0,164614593.0,3035622626.0,1974544307.0,,-727891013.0,-272729.0,,-1195145789.0,163665912.0,,,,
2019-12-31,BASGZ.IS,855867894.0,-691892.0,,531764398.0,-231709750.0,-23677464.0,2228872.0,356663171.0,-100056947.0,153368044.0,700000000.0,3548746362.0,,157009424.0,,384150831.0,,,510029689.0,415592179.0,0.0,2301773169.0,-90886886.0,10639449.0,-1757103276.0,,322500000.0,,,-64008867.0,415592179.0,415592179.0,415592179.0,510086002.0,-396395094.0,,384150831.0,2163721.0,288858.0,1498300090.0,,397304061.0,83140675.0,,220254864.0,,1205378075.0,42738183.0,137230167.0,5334760309.0,618120147.0,961127279.0,-1813894197.0,2810568555.0,2546521283.0,3429382234.0,3674625220.0,31441348.0,4058776051.0,1905378075.0,,-484758411.0,11613.0,,1166887425.0,159325527.0,1755718587.0,,,
2020-12-31,BASGZ.IS,790842154.0,-370973.0,,954571734.0,422047985.0,-123930582.0,-4395949.0,-11483546.0,25092420.0,170747923.0,700000000.0,4432683908.0,,179899287.0,,450862646.0,,,602158417.0,532690901.0,0.0,2461243824.0,-104828501.0,15048521.0,103750817.0,,554500000.0,,,237935863.0,532690901.0,532690901.0,532690901.0,511099053.0,-581977051.0,,450862646.0,205582.0,128662.0,1657141941.0,,442702170.0,110980540.0,,190557729.0,,1179266773.0,40315231.0,195511351.0,5786974616.0,-383720371.0,768620454.0,36008852.0,3134967481.0,2734761527.0,3907707843.0,4583979679.0,81828255.0,5034842325.0,1879266773.0,,-558802203.0,,,-62854031.0,228093959.0,1651948945.0,,,
2021-12-31,BASGZ.IS,1338564230.0,-874406.0,,886430497.0,-74870846.0,-220603087.0,-9593402.0,606038586.0,-221165161.0,105431144.0,700000000.0,5729505903.0,,198567367.0,,520609869.0,,,818768531.0,716656154.0,0.0,2792459101.0,-128461447.0,24690930.0,-633724064.0,,450250000.0,,,-111679128.0,716656154.0,716656154.0,716656154.0,930713968.0,-423178917.0,,520609869.0,2039622.0,2661401.0,2028398078.0,,479359394.0,239404970.0,,170996849.0,,1669280184.0,58753692.0,245391147.0,7098060198.0,-457149954.0,1175331601.0,-786322884.0,4132564626.0,3671887270.0,4728780014.0,6027664565.0,196046285.0,6548274434.0,2369280184.0,,-226642743.0,,,-118828083.0,322251154.0,2285673009.0,,,
2018-12-31,BERA.IS,183241434.0,-199705897.0,,96370805.0,33315238.0,1881916.0,-61616093.0,-61150901.0,113023831.0,12197318.0,341600000.0,1729432523.0,61315509.0,65345495.0,,215730314.0,,,455971398.0,102445664.0,33474095.0,12440770.0,-6086657.0,642185918.0,-6299655.0,13923536.0,169964719.0,64460715.0,223432693.0,127364131.0,18930605.0,18930605.0,68971569.0,573059245.0,1574328162.0,,215730314.0,474552049.0,129254867.0,190144744.0,,253680958.0,-20057914.0,1085283237.0,1352983581.0,8313402.0,165071399.0,251985596.0,152154123.0,3354481423.0,122063266.0,89024249.0,-206005552.0,1444858604.0,1115067881.0,1539094094.0,1969673607.0,-113284650.0,2185403921.0,1591954636.0,1085283237.0,-5212201.0,28233275.0,5185704.0,-53746709.0,,,1251937.0,-88664.0,
2019-12-31,BERA.IS,270529994.0,-49299584.0,,195384504.0,99013699.0,19322221.0,-183763981.0,86324958.0,65401224.0,-73411618.0,341600000.0,1797001964.0,64266941.0,83951794.0,,232453055.0,,,455635677.0,96703063.0,26816836.0,15186898.0,-6195825.0,793675671.0,5759869.0,13923536.0,399858628.0,63886550.0,248049198.0,123051461.0,26890526.0,26890526.0,69886227.0,542171076.0,1623514027.0,,232453055.0,424238259.0,253084596.0,199138528.0,,251854902.0,-31843705.0,1079732121.0,1366263454.0,7229652.0,217368804.0,247796675.0,173635634.0,3660767850.0,116156797.0,24716482.0,-43539715.0,1791192689.0,1121687964.0,1774017727.0,2020184586.0,-135749992.0,2252637641.0,1638700925.0,1079732121.0,-20818200.0,1680135.0,,-53746709.0,,,384327.0,,
2020-12-31,BERA.IS,163335745.0,-43293349.0,,362039933.0,166655429.0,-218832033.0,204065.0,-104316505.0,-18016136.0,-70798799.0,341600000.0,2089836541.0,55237783.0,93684889.0,,443003283.0,,,733646348.0,491963834.0,79262583.0,16962787.0,-401317639.0,755097786.0,-27612913.0,58093745.0,431864306.0,91499463.0,308958416.0,93344412.0,352292988.0,352292988.0,412701251.0,921836227.0,2305130220.0,,443003283.0,641983964.0,63087425.0,219588480.0,,362703991.0,-12040001.0,1285129256.0,1548886562.0,9722675.0,695363751.0,292960391.0,354864186.0,4491075483.0,139436329.0,34218469.0,-70906262.0,2191742707.0,1064220805.0,1860024060.0,2380479606.0,48960551.0,2823482889.0,2322093007.0,1285129256.0,-12001828.0,63906893.0,,-53746709.0,,,,,
2021-12-31,BERA.IS,445388050.0,-376154343.0,,923291956.0,561252023.0,-556524642.0,-258948353.0,279158976.0,191168523.0,452397032.0,341600000.0,3215725544.0,80893131.0,123865868.0,,628323997.0,,,1001458629.0,1111693623.0,188400420.0,25977047.0,-625434801.0,1011459226.0,-7186628.0,,171349528.0,98686091.0,518741235.0,-222100812.0,746546258.0,746546258.0,923293203.0,1147269837.0,3588454646.0,,628323997.0,1332973507.0,74359494.0,545315683.0,,472321966.0,-31513907.0,1406402832.0,1718149010.0,14391080.0,1866428861.0,390257459.0,248960253.0,6499408979.0,-331117650.0,977663662.0,-383340971.0,3323623324.0,1721596946.0,2366236051.0,3588860176.0,483369626.0,4217184173.0,3614431693.0,1406402832.0,-55270129.0,298046982.0,,-53746709.0,,21295434.0,,,
2018-12-31,BIMAS.IS,4516139000.0,-937689000.0,,546919000.0,-426787000.0,-282222000.0,-653169000.0,1146062000.0,-16932000.0,-233553000.0,303600000.0,26694114000.0,3339000.0,348708000.0,,1533994000.0,,,5628873000.0,1626812000.0,376348000.0,16460000.0,-633939000.0,2097894000.0,-437004000.0,366512000.0,,350761000.0,203457000.0,37853000.0,1250464000.0,1250464000.0,1250464000.0,1216229000.0,3495556000.0,,1533994000.0,39916000.0,511030000.0,417265000.0,,304689000.0,37302000.0,920151000.0,3698551000.0,,2523994000.0,4057577000.0,,8947950000.0,-657087000.0,1559358000.0,-1318596000.0,4842262000.0,5131245000.0,5435934000.0,30788993000.0,92818000.0,32322987000.0,3512016000.0,684422000.0,-571206000.0,-10462000.0,,50884000.0,42986000.0,446650000.0,,-174618000.0,
2019-12-31,BIMAS.IS,5559439000.0,-1074812000.0,,1158847000.0,607589000.0,-273718000.0,-273142000.0,1100810000.0,467916000.0,55132000.0,607200000.0,33326911000.0,9886000.0,1082616000.0,,2089970000.0,,,6885031000.0,1590874000.0,365997000.0,38420000.0,-633939000.0,2368527000.0,-101976000.0,366512000.0,,622760000.0,203457000.0,-1015139000.0,1224877000.0,1224877000.0,1224877000.0,1499423000.0,4198870000.0,,2089970000.0,44725000.0,213847000.0,173639000.0,,336662000.0,24539000.0,1049747000.0,8340120000.0,,2580343000.0,4770522000.0,,14852270000.0,-1615566000.0,3384491000.0,-1150253000.0,5806245000.0,6998109000.0,10614980000.0,38121972000.0,-499096000.0,40211942000.0,4237290000.0,1049747000.0,-966939000.0,-11083000.0,,,7018000.0,537591000.0,,-374708000.0,
2020-12-31,BIMAS.IS,8894471000.0,-1282701000.0,,1112693000.0,-42104000.0,-1182100000.0,-1866115000.0,3426129000.0,444150000.0,-55026000.0,607200000.0,45508372000.0,26987000.0,1370073000.0,,3745055000.0,,,9986992000.0,3351658000.0,744843000.0,43461000.0,-708446000.0,4228394000.0,-1667464000.0,,,523420000.0,203457000.0,-1143829000.0,2606815000.0,2606815000.0,2606815000.0,2713692000.0,7132226000.0,,3745055000.0,97865000.0,380401000.0,338379000.0,,518131000.0,3741000.0,2040874000.0,11629753000.0,,4902321000.0,6238196000.0,,23430292000.0,-1822137000.0,4743926000.0,-2974291000.0,11135793000.0,11020795000.0,16254605000.0,51750309000.0,-393397000.0,55495364000.0,7175687000.0,1666166000.0,-303600000.0,10398000.0,,,-25755000.0,2663781000.0,,-374708000.0,
2021-12-31,BIMAS.IS,12293843000.0,-2105322000.0,,1497058000.0,384459000.0,-1157446000.0,-2477905000.0,3260959000.0,1586570000.0,-117284000.0,607200000.0,57304120000.0,284592000.0,1802658000.0,,4775976000.0,,,13222559000.0,3909625000.0,958915000.0,53224000.0,-805526000.0,6692940000.0,1454077000.0,,,977555000.0,203457000.0,-1575077000.0,2932482000.0,2932482000.0,2950710000.0,3949652000.0,7511139000.0,,4775976000.0,372287000.0,314389000.0,1346983000.0,,389327000.0,-53757000.0,2791414000.0,14956711000.0,,4772178000.0,8500340000.0,,30412122000.0,-5374720000.0,5830034000.0,-45169000.0,14011093000.0,15864572000.0,22603050000.0,65750703000.0,-866351000.0,70526679000.0,7605615000.0,2226237000.0,-3609174000.0,-25686000.0,41252000.0,,-4436000.0,1491589000.0,,-190469000.0,
2018-12-31,BIOEN.IS,13831272.0,-41647650.0,43387800.0,9577366.0,8571984.0,-6010551.0,-1108058.0,4417938.0,9288503.0,-8949570.0,1150000.0,31459093.0,,11854132.0,,11424173.0,,,17761837.0,-565687.0,896928.0,68712133.0,-10393002.0,1108058.0,-5700000.0,8819100.0,56730872.0,5700000.0,4719180.0,47533787.0,-1205726.0,-1205726.0,-1462615.0,13529250.0,1876996.0,,11424173.0,1810156.0,12034194.0,14000511.0,,15996411.0,-391340.0,32006372.0,83310799.0,,576957.0,6729004.0,18324037.0,202922861.0,46423939.0,8286668.0,-46138623.0,36857773.0,48355269.0,121082552.0,37796757.0,-11989860.0,49220930.0,77121129.0,32006372.0,,,6532000.0,-9928948.0,,,,,
2019-12-31,BIOEN.IS,44903333.0,-106023213.0,43387800.0,18340368.0,8763002.0,-4327867.0,1108058.0,40306515.0,2249313.0,-609757.0,1150000.0,64616858.0,,13825979.0,,23005236.0,,,27438172.0,6432954.0,3684848.0,62727138.0,-11901232.0,,-5179488.0,10129306.0,84686509.0,12314744.0,12193546.0,52290886.0,5682237.0,5682237.0,2748106.0,25467108.0,13002218.0,,23005236.0,2585468.0,20751827.0,28739102.0,,19825158.0,-3883990.0,31576359.0,190531102.0,,6147197.0,8316926.0,24966849.0,340173964.0,52931055.0,58234478.0,-102402531.0,65483512.0,113854638.0,245719062.0,69049794.0,-16572282.0,92055030.0,82261356.0,31576359.0,,,6532000.0,-9489137.0,,,,,
2020-12-31,BIOEN.IS,91769245.0,-287110983.0,,101809923.0,83469555.0,-15624674.0,-4416684.0,44436361.0,43444544.0,-87754510.0,128000000.0,177515049.0,,22416329.0,,43162225.0,,,67786232.0,59418997.0,9497624.0,58376793.0,-14159937.0,4416684.0,-24128314.0,83634700.0,329045625.0,25302630.0,-173609.0,288581125.0,50474315.0,50474315.0,49921373.0,37826132.0,135250171.0,,43162225.0,14165365.0,91685784.0,33164966.0,,24881932.0,2686376.0,15922674.0,473526017.0,,56236290.0,21937631.0,83147686.0,814750232.0,361294593.0,52975681.0,-330800719.0,236847427.0,221477052.0,614764877.0,202139056.0,16256772.0,245301281.0,200158964.0,15922674.0,,,6532000.0,-10921232.0,,,,,
2021-12-31,BIOEN.IS,219562238.0,-441073027.0,26541373.0,170866301.0,69056378.0,-74168197.0,-59242849.0,121833561.0,-11789531.0,-339565386.0,500000000.0,304367466.0,,32966943.0,,88514626.0,,,123336381.0,20360442.0,19120914.0,54594543.0,-31550677.0,63659533.0,,379823000.0,696564760.0,51044936.0,-2720519.0,479109048.0,3786438.0,3786438.0,1239528.0,126290299.0,494896156.0,,88514626.0,62792844.0,317249083.0,32385712.0,,20662882.0,-7646851.0,-11823029.0,968193375.0,,41304355.0,42468606.0,184404382.0,1826083907.0,835204267.0,-326179021.0,-439968868.0,682926209.0,473782767.0,1272781727.0,339189221.0,-68154184.0,427703847.0,556022699.0,-11823029.0,,,6532000.0,-23727781.0,,,,,
2018-12-31,BRYAT.IS,117164.0,,675000.0,389265902.0,123557711.0,77588.0,,4276332.0,45911096.0,-9820561.0,28125000.0,0.0,,,,57809296.0,,,78840633.0,48202317.0,23805337.0,,-1558250.0,,-1130693.0,,,1618089979.0,,23000000.0,24396980.0,24396980.0,24396980.0,13552316.0,1958300807.0,,57809296.0,14289.0,8834137.0,5576172.0,,65762480.0,40854.0,1716415200.0,,,233568134.0,20990483.0,,2029756623.0,-38643581.0,64841435.0,-7531444.0,411652355.0,5693336.0,71455816.0,21031337.0,-9606979.0,78840633.0,1958300807.0,1695932673.0,-25907824.0,104891301.0,,,-6400751.0,,,-12735757.0,
2019-12-31,BRYAT.IS,135947.0,,675000.0,455336726.0,66070824.0,-9243.0,,18783.0,-33929477.0,5608670.0,28125000.0,0.0,,,,32814422.0,,,49033084.0,77794016.0,10209523.0,,-1558250.0,,-28519846.0,,,1871719021.0,,23000000.0,67584493.0,67584493.0,67584493.0,6596169.0,2239113171.0,,32814422.0,11037.0,10908585.0,4508588.0,,77813832.0,-4242131.0,1973887972.0,,,259963273.0,20460793.0,,2344571538.0,-21625085.0,39273226.0,-1840262.0,472841480.0,27644535.0,105458367.0,16218662.0,44979594.0,49033084.0,2239113171.0,1950349898.0,-41569538.0,50262945.0,,,-1840262.0,,,-3055547.0,
2020-12-31,BRYAT.IS,41819.0,,675000.0,518236620.0,62899894.0,6791.0,,-94128.0,-114775646.0,2922555.0,28125000.0,0.0,,,,16174285.0,,,34545856.0,173431421.0,20859736.0,,-2900834.0,,-28519846.0,,,2741282874.0,,19029875.0,152571685.0,152571685.0,152571685.0,8634390.0,3156735471.0,,16174285.0,145421.0,13475813.0,953464.0,,110273329.0,-1682608.0,2786223749.0,,,365249796.0,20054179.0,,3310294964.0,-28255287.0,40631257.0,-56813879.0,568866669.0,43286164.0,153559493.0,18371571.0,157257136.0,34545856.0,3156735471.0,2762685675.0,-47285162.0,107337803.0,,,-28294033.0,28519846.0,,,
2021-12-31,BRYAT.IS,121009.0,,675000.0,78350995.0,-439885625.0,2452.0,,79190.0,-463993859.0,-1899006.0,28125000.0,0.0,,,,24136871.0,,,47783263.0,287670018.0,13025603.0,,-6616303.0,,-551549154.0,,,5836254239.0,,-10536713.0,274644415.0,274644415.0,274644415.0,,5683786983.0,,24136871.0,116499.0,16211941.0,5500245.0,,209624895.0,-988745.0,5113667998.0,,,564857059.0,24635137.0,,5930933674.0,-85573865.0,-191166808.0,-561115094.0,94562936.0,37521796.0,247146691.0,23646392.0,263533147.0,47783263.0,5683786983.0,5090129924.0,-75037152.0,397970142.0,,,-9565940.0,,,,
2018-12-31,BRISA.IS,702125132.0,-228973652.0,4903.0,284147243.0,89631189.0,-11667791.0,-158332615.0,211902443.0,400411662.0,-31937155.0,305116875.0,2232016139.0,,158313312.0,,516573465.0,,,766759557.0,94066908.0,-1674469.0,36711741.0,-277789399.0,571623768.0,,,2331913269.0,1015154266.0,,1433195.0,95741377.0,91038032.0,95741377.0,739895942.0,884231512.0,,516573465.0,102338751.0,39234740.0,75591900.0,,136068924.0,-173471143.0,213470610.0,1753497711.0,1038898.0,402350865.0,369764789.0,260001723.0,4557552404.0,-345083662.0,664431233.0,-228269876.0,1649849935.0,1168626958.0,3636609151.0,2482202231.0,-422506557.0,2998775696.0,920943253.0,213470610.0,-34196437.0,-1446506.0,,-346516857.0,,,29305561.0,,
2019-12-31,BRISA.IS,1010752812.0,-267764982.0,4903.0,792595257.0,506785916.0,72368793.0,-45418966.0,267149582.0,322796725.0,-7244891.0,305116875.0,2729681612.0,6631015.0,176651407.0,,421560917.0,,,924640247.0,116411353.0,2398060.0,33571019.0,-328544429.0,634680918.0,,,1927316061.0,1040401405.0,,242245739.0,114013293.0,108192725.0,114013293.0,630841489.0,863470965.0,,421560917.0,138591080.0,49372132.0,35187409.0,,95100893.0,-4836444.0,76532804.0,1841340039.0,1371339.0,515387402.0,507179782.0,945970540.0,5279690112.0,-128692646.0,900315943.0,-266177925.0,2225786569.0,2350980269.0,4382648128.0,3232760942.0,-305149564.0,3654321859.0,897041984.0,76532804.0,-34196437.0,1340544.0,,-370938385.0,,101696721.0,47045671.0,,
2020-12-31,BRISA.IS,1199835053.0,-242082887.0,4903.0,1335061833.0,540957195.0,-116562632.0,22343640.0,227360479.0,78264396.0,27142649.0,305116875.0,2974528316.0,67418660.0,206592995.0,,736216066.0,,,1262347131.0,475284038.0,-64665751.0,33456378.0,-279622239.0,617649856.0,,,2195585441.0,1030543527.0,,69398230.0,539949789.0,516185587.0,539949789.0,740344456.0,1404930593.0,,736216066.0,204861456.0,28416710.0,58677811.0,,113327353.0,-2152958.0,112124439.0,1845773877.0,1796775.0,1021140754.0,539098865.0,656415084.0,6060497318.0,-201353909.0,985091316.0,-241338094.0,2945862080.0,2303595842.0,4622110347.0,3500659381.0,-260932028.0,4236875447.0,1438386971.0,112124439.0,-34196437.0,-1442119.0,,-236555702.0,,201900603.0,73854854.0,,
2021-12-31,BRISA.IS,2807484397.0,-439729264.0,4903.0,3344879436.0,2011289233.0,-331624835.0,-384728235.0,1591799505.0,-263749519.0,-67547764.0,305116875.0,4634533000.0,180752598.0,222172726.0,,1219980912.0,,,1999729406.0,885463118.0,-119112228.0,33793367.0,-305543934.0,1108722999.0,,,2718865029.0,2006609450.0,,384450671.0,1004575346.0,960302190.0,1004575346.0,1060429706.0,2275298941.0,,1219980912.0,336656670.0,210058728.0,76779694.0,,168516983.0,23071207.0,248104472.0,2028001128.0,1555118.0,1755866058.0,751449509.0,1667639761.0,10289318731.0,678086278.0,1770897224.0,-438308987.0,5884258116.0,5088156388.0,7980226423.0,5414281494.0,-334517794.0,6634262406.0,2309092308.0,248104472.0,-269993520.0,614718.0,,563629127.0,,133920137.0,92667461.0,,
2018-12-31,CCOLA.IS,1278323000.0,-851185000.0,214241000.0,2289734000.0,-1584968000.0,-84322000.0,-227907000.0,350570000.0,681101000.0,-37620000.0,254371000.0,7147875000.0,10911000.0,633268000.0,3006000.0,1265068000.0,,,3475510000.0,545880000.0,194448000.0,1869435000.0,-392479000.0,803952000.0,,,4022525000.0,,825546000.0,-3460194000.0,321186000.0,321186000.0,351432000.0,1212327000.0,2909663000.0,,1265068000.0,308043000.0,71346000.0,321716000.0,,876248000.0,-35598000.0,2993176000.0,6620446000.0,,2136756000.0,2246040000.0,706358000.0,14154616000.0,-3568139000.0,1636276000.0,-830278000.0,4537246000.0,2695977000.0,7730526000.0,9358317000.0,-719188000.0,10623385000.0,5598544000.0,2993176000.0,-200206000.0,1177173000.0,819446000.0,92261000.0,-3925000.0,21163000.0,,,
2019-12-31,CCOLA.IS,1465211000.0,-641709000.0,214241000.0,2822808000.0,533074000.0,-171270000.0,-71246000.0,185109000.0,325296000.0,103912000.0,254371000.0,7884938000.0,101062000.0,694586000.0,3006000.0,1544173000.0,,,4122824000.0,1185097000.0,245857000.0,2174415000.0,-317302000.0,871565000.0,,,3825175000.0,,854315000.0,-216604000.0,965769000.0,965769000.0,939240000.0,1411991000.0,3496791000.0,,1544173000.0,382974000.0,94199000.0,374177000.0,,1056063000.0,56860000.0,3244055000.0,7093611000.0,,2802367000.0,2521791000.0,996305000.0,15959755000.0,-823351000.0,2032156000.0,-829751000.0,5464927000.0,3536100000.0,8590406000.0,10463589000.0,-359076000.0,12007762000.0,6515034000.0,3244055000.0,-300158000.0,154020000.0,843828000.0,-306589000.0,-88799000.0,109962000.0,,,
2020-12-31,CCOLA.IS,1837208000.0,-592425000.0,214241000.0,4660596000.0,1837788000.0,-162011000.0,-176023000.0,369838000.0,574529000.0,148645000.0,254371000.0,9379256000.0,183335000.0,918368000.0,-3964000.0,2177122000.0,,,5011757000.0,1766150000.0,447980000.0,2463716000.0,-371355000.0,1041025000.0,,,4728606000.0,,1074230000.0,-477229000.0,1232671000.0,1232671000.0,1318170000.0,1622519000.0,4215218000.0,,2177122000.0,445735000.0,217578000.0,892073000.0,,1180774000.0,18602000.0,3397870000.0,7537480000.0,,3795929000.0,2816033000.0,258507000.0,19147331000.0,-921911000.0,2906017000.0,-555948000.0,7716923000.0,4322509000.0,10410690000.0,12213891000.0,-410972000.0,14391013000.0,7662411000.0,3397870000.0,-239109000.0,409630000.0,983477000.0,-205573000.0,86798000.0,23164000.0,,,
2021-12-31,CCOLA.IS,3957019000.0,-1200373000.0,98792000.0,4141603000.0,-518993000.0,-802455000.0,-1262929000.0,2239522000.0,-13454000.0,424558000.0,254371000.0,14296814000.0,325501000.0,1100337000.0,,3511702000.0,,,7632721000.0,3572077000.0,1151240000.0,4256222000.0,-549431000.0,2500771000.0,,,7759678000.0,,1914628000.0,-702001000.0,2271412000.0,2271412000.0,2420837000.0,2684667000.0,3726217000.0,,3511702000.0,488613000.0,1190455000.0,1656309000.0,,2310749000.0,-19283000.0,7285128000.0,12255227000.0,,5416923000.0,4140302000.0,481461000.0,32786241000.0,-2253036000.0,3956991000.0,-3926546000.0,10713404000.0,7482502000.0,17816399000.0,18417833000.0,60375000.0,21929535000.0,13055214000.0,7285128000.0,-712277000.0,1703598000.0,5072775000.0,-838758000.0,-50480000.0,11576000.0,,,
2018-12-31,CEMAS.IS,49038958.0,-15719755.0,10455864.0,1343431.0,-1988883.0,10336417.0,-156697.0,-223754.0,34880226.0,-105022424.0,237000000.0,120187409.0,482384.0,7045867.0,,5627411.0,,,21022106.0,-31899579.0,274685.0,129061.0,-19066182.0,23867928.0,,59907365.0,67477979.0,44416061.0,-5733343.0,10920488.0,-25530350.0,-25530350.0,-32174264.0,163363841.0,126536078.0,,5627411.0,3478200.0,3347383.0,36445391.0,,9504296.0,-1463713.0,-19413586.0,94402058.0,,-101377139.0,16858408.0,16111217.0,335229870.0,70827853.0,-78670715.0,5853979.0,192804490.0,130053565.0,214298074.0,135582104.0,-37526990.0,141209515.0,126665139.0,-19413586.0,,,,66192098.0,,,,,
2019-12-31,CEMAS.IS,26005967.0,-2500642.0,10455864.0,2102797.0,759366.0,-1942159.0,2386514.0,-23032991.0,7545265.0,35422363.0,237000000.0,134633362.0,,8345072.0,,-4575842.0,,,10706662.0,-21061705.0,296795.0,60785.0,-19058788.0,21481414.0,,239493129.0,57447104.0,67353950.0,-5274545.0,-6847322.0,-18245084.0,-18245084.0,-21358500.0,131018269.0,132988462.0,,-4575842.0,334.0,1556722.0,8677664.0,,16465294.0,-2459293.0,4963936.0,123102086.0,,-119370553.0,17741797.0,23603055.0,346901369.0,-6847322.0,8724552.0,-1117864.0,156384214.0,141079312.0,219126667.0,149915866.0,-16485863.0,145340024.0,133049247.0,4963936.0,,,,66192098.0,,,,,
2020-12-31,CEMAS.IS,34790320.0,-31711596.0,12948993.0,87346858.0,85244061.0,-23619021.0,-16832051.0,8784353.0,-15163464.0,-17706853.0,474000000.0,160145634.0,,12378599.0,,25216855.0,,,42636151.0,31546868.0,-8457234.0,27691.0,-13902625.0,38313465.0,,239493129.0,,266065314.0,2271683.0,-109865113.0,39893279.0,39893279.0,40004102.0,105333842.0,538289016.0,,25216855.0,22435082.0,3103674.0,5687335.0,,43746475.0,-8632951.0,140584375.0,142864562.0,,-89216661.0,26052247.0,,666120592.0,129628016.0,-12658362.0,-31725593.0,234727943.0,81785727.0,125532202.0,177564930.0,6330013.0,202781785.0,538316707.0,140584375.0,,,,66192098.0,,,,,
2021-12-31,CEMAS.IS,62924900.0,-113969264.0,13792008.0,511335369.0,423988511.0,-44291237.0,-21998106.0,28134580.0,-281868863.0,162524460.0,791000000.0,273805354.0,21616373.0,13725819.0,,31676405.0,,,59100776.0,296430372.0,-26422157.0,48570.0,-9484859.0,60311571.0,,317843015.0,,191466620.0,18081760.0,5264694.0,319568760.0,319568760.0,322852529.0,143098264.0,1118680594.0,,31676405.0,65331821.0,12693036.0,5791927.0,,25429050.0,-13355835.0,72520925.0,258402980.0,,241416231.0,40780206.0,,1243067112.0,389299807.0,175793984.0,-141105280.0,727817121.0,80827138.0,106256188.0,301229725.0,264753967.0,332906130.0,1118729164.0,72520925.0,,,,66192098.0,,,,,
2018-12-31,CIMSA.IS,296068427.0,-255253207.0,1099415.0,202067347.0,-2666728.0,83859787.0,-43648508.0,5322163.0,43503054.0,4664516.0,135084442.0,1294515845.0,40740895.0,109016505.0,-7880487.0,270936095.0,,,405442210.0,175110867.0,21254018.0,18210257.0,-140477784.0,190255123.0,-294432360.0,,451361209.0,327604528.0,125453529.0,-41332137.0,154925532.0,154925532.0,153856849.0,436910467.0,1155991083.0,,270936095.0,63861798.0,106491043.0,76730356.0,,144740586.0,16623602.0,11380095.0,1982238668.0,3790612.0,1178461899.0,114091901.0,262587177.0,3483989356.0,-162782678.0,357643049.0,-225493961.0,940249594.0,1436408181.0,2032509976.0,1429021960.0,-95825228.0,1699958055.0,1326025851.0,11380095.0,-67542221.0,27966862.0,151824511.0,-53908320.0,-3705259.0,,,,
2019-12-31,CIMSA.IS,352762993.0,-171072514.0,1099415.0,267350543.0,65603841.0,-23328643.0,3193961.0,57671473.0,152109465.0,-10205939.0,135084442.0,1304313435.0,59162445.0,142555454.0,-7880487.0,118311252.0,,,273338353.0,-28747456.0,-21438269.0,18034582.0,-193512372.0,205947421.0,-294432360.0,,776184260.0,335345426.0,97829126.0,75969459.0,13169479.0,13169479.0,-7309187.0,468026279.0,1221780279.0,,118311252.0,88993243.0,136757123.0,109656458.0,,122634276.0,14664010.0,60118877.0,2118790115.0,6401818.0,1191631379.0,133961273.0,205671050.0,3795930288.0,-69829113.0,335165250.0,-120258258.0,1086647670.0,1366716261.0,2310167049.0,1459340536.0,-147058708.0,1577651788.0,1387934113.0,60118877.0,,-79474038.0,148119252.0,-145798572.0,,,,,
2020-12-31,CIMSA.IS,572397678.0,-67079825.0,1099415.0,903961752.0,636629699.0,-54219187.0,-106306494.0,240336307.0,142435086.0,11692028.0,135084442.0,1609206442.0,55463788.0,144361179.0,-31385662.0,293315769.0,,,467092520.0,236500594.0,20684003.0,16653770.0,-124605662.0,228653262.0,-294432360.0,,229509051.0,719322518.0,258308389.0,89143754.0,175746242.0,175746242.0,215816591.0,324455705.0,1415762926.0,,293315769.0,83705432.0,1055211356.0,1030624301.0,,97013358.0,14181330.0,76974470.0,1604479871.0,4984169.0,1367377621.0,154611252.0,181271407.0,5129182413.0,137076842.0,554045161.0,-24555779.0,2556901570.0,2938342751.0,3290338076.0,1782983193.0,-56815175.0,2076298962.0,1580535948.0,76974470.0,,-29936525.0,148119252.0,47933088.0,,,,,
2021-12-31,CIMSA.IS,647108794.0,-186381517.0,575466.0,257911803.0,-646143617.0,-579266462.0,-468671711.0,74711116.0,-382364266.0,84161869.0,135084442.0,3033163949.0,315181198.0,132381163.0,289639030.0,574271773.0,,,712206355.0,662364886.0,-98390807.0,27962643.0,-98126041.0,697558413.0,-294432360.0,,378308384.0,1022285006.0,278052506.0,-422944889.0,1016600770.0,1016600770.0,760755693.0,919132116.0,2318719697.0,,574271773.0,346164509.0,320005674.0,295998825.0,,137525934.0,-51129816.0,-24836707.0,1464401759.0,5654795.0,2383978391.0,183409603.0,188630175.0,5248764237.0,-442004576.0,-122447521.0,-99004643.0,2239831068.0,1935739767.0,2475910139.0,3171098531.0,88093113.0,3745370304.0,2494801592.0,-24836707.0,,17313123.0,148119252.0,-19059687.0,,,,,
2018-12-31,DOHOL.IS,799062000.0,-215700000.0,35159000.0,3817966000.0,2101347000.0,-189806000.0,-304375000.0,232443000.0,-3150444000.0,-1823157000.0,2616938000.0,11132242000.0,67306000.0,233861000.0,-71333000.0,348518000.0,,,1014196000.0,3636689000.0,-1768000.0,683234000.0,-210938000.0,645246000.0,-397071000.0,,622216000.0,317371000.0,340213000.0,-295739000.0,3633096000.0,3633096000.0,3638457000.0,1918565000.0,5943968000.0,,348518000.0,1863707000.0,121257000.0,187780000.0,,334196000.0,47977000.0,548642000.0,1033430000.0,,3463019000.0,617701000.0,348659000.0,10949810000.0,-589634000.0,-1253381000.0,2918216000.0,7017592000.0,2987910000.0,3947919000.0,11797920000.0,3288171000.0,12146438000.0,6661678000.0,546562000.0,-260995000.0,1026146000.0,34476000.0,-293895000.0,3744324000.0,422962000.0,,-4993000.0,
2019-12-31,DOHOL.IS,715313000.0,-102686000.0,35159000.0,3278832000.0,-532606000.0,222440000.0,23801000.0,-124910000.0,-150550000.0,-5144000.0,2616938000.0,12177709000.0,97796000.0,277207000.0,,396591000.0,,,1075871000.0,724029000.0,131096000.0,612322000.0,-379020000.0,621783000.0,-833522000.0,,407133000.0,331402000.0,494731000.0,-583353000.0,616789000.0,616789000.0,592933000.0,1777213000.0,6472735000.0,,396591000.0,1917839000.0,105096000.0,100613000.0,,181717000.0,-24193000.0,639687000.0,1339229000.0,,3851898000.0,703473000.0,71071000.0,11240591000.0,-777980000.0,898384000.0,-1063050000.0,6988247000.0,2831079000.0,3609251000.0,12856989000.0,327438000.0,13253580000.0,7136609000.0,632614000.0,-260995000.0,410040000.0,51552000.0,71361000.0,-87358000.0,1176618000.0,,-4993000.0,
2020-12-31,DOHOL.IS,686080000.0,-692741000.0,35159000.0,2905947000.0,-372377000.0,140650000.0,-109385000.0,-50326000.0,-793643000.0,-200914000.0,2616938000.0,9481624000.0,111516000.0,297511000.0,,577724000.0,,,1288864000.0,1731970000.0,287889000.0,1057872000.0,-204888000.0,778944000.0,-1512449000.0,,896923000.0,430835000.0,938248000.0,194371000.0,1390240000.0,1390240000.0,1444081000.0,1912223000.0,7277016000.0,,577724000.0,1922960000.0,89151000.0,175002000.0,,366842000.0,-6332000.0,838132000.0,1998781000.0,,4965795000.0,717472000.0,88508000.0,13693203000.0,73951000.0,712465000.0,-1985939000.0,8177654000.0,2887079000.0,4314966000.0,10192764000.0,1154246000.0,10770488000.0,8439989000.0,822097000.0,-99479000.0,827146000.0,105101000.0,-11979000.0,103916000.0,2421875000.0,,-8962000.0,
2021-12-31,DOHOL.IS,1879848000.0,-514622000.0,35159000.0,4646127000.0,1733590000.0,-605782000.0,-1218158000.0,1004967000.0,-563277000.0,-790497000.0,2616938000.0,14482191000.0,138916000.0,384327000.0,,1272038000.0,,,2438723000.0,3846176000.0,783687000.0,1228999000.0,-356454000.0,2042478000.0,-1685677000.0,,1207435000.0,629070000.0,1414544000.0,1076363000.0,2828476000.0,2828476000.0,3062489000.0,3339646000.0,11567294000.0,,1272038000.0,2418909000.0,346401000.0,669551000.0,,604495000.0,38164000.0,2181724000.0,2395245000.0,,8130848000.0,1128521000.0,651787000.0,22294738000.0,615032000.0,1067469000.0,-1468405000.0,15513672000.0,5932448000.0,7975058000.0,15648876000.0,2574138000.0,16920914000.0,12905136000.0,2122191000.0,-180000000.0,1519494000.0,108843000.0,-237833000.0,11096000.0,5000614000.0,,-43498000.0,
2018-12-31,DOAS.IS,507611000.0,-183981000.0,,365892000.0,259507000.0,781384000.0,59784000.0,-87681000.0,316512000.0,-154718000.0,220000000.0,9408664000.0,,83157000.0,,524747000.0,,,1279825000.0,148798000.0,14442000.0,35354000.0,-474053000.0,1365896000.0,1223000.0,,60000000.0,941918000.0,6308000.0,-171181000.0,133157000.0,133157000.0,134356000.0,1001692000.0,1266210000.0,,524747000.0,21869000.0,60267000.0,65664000.0,,67645000.0,-11432000.0,490759000.0,982378000.0,,811093000.0,766510000.0,,4798662000.0,-811044000.0,1131595000.0,-72735000.0,2817143000.0,3363145000.0,3490790000.0,10163742000.0,-375949000.0,10688489000.0,1301564000.0,270471000.0,-143000000.0,11691000.0,,-496863000.0,50814000.0,,,,
2019-12-31,DOAS.IS,628098000.0,-44572000.0,,648342000.0,282450000.0,-102801000.0,428489000.0,168462000.0,356033000.0,257025000.0,220000000.0,8601992000.0,26398000.0,126005000.0,,479028000.0,,,1242141000.0,57234000.0,-19525000.0,34394000.0,-549690000.0,935907000.0,-3409000.0,,154461000.0,1013727000.0,7290000.0,-452400000.0,75777000.0,75777000.0,76759000.0,889860000.0,1210857000.0,,479028000.0,143434000.0,9037000.0,81476000.0,,83114000.0,-4700000.0,480169000.0,958764000.0,,765392000.0,767813000.0,27747000.0,4664944000.0,-1107567000.0,1308990000.0,82901000.0,2514625000.0,3093170000.0,3412403000.0,9365105000.0,-421794000.0,9844133000.0,1245251000.0,259859000.0,-135000000.0,-1874000.0,,-520167000.0,104439000.0,,,,
2020-12-31,DOAS.IS,1617014000.0,-141755000.0,,655599000.0,7257000.0,-307432000.0,-1816136000.0,1168259000.0,189764000.0,270806000.0,220000000.0,16459020000.0,5515000.0,130712000.0,,1477286000.0,,,2441128000.0,1287663000.0,245793000.0,55410000.0,-384099000.0,2751843000.0,-102536000.0,,161762000.0,1352275000.0,8783000.0,-80313000.0,1037334000.0,1037334000.0,1041870000.0,1150821000.0,2231541000.0,,1477286000.0,130792000.0,17883000.0,213809000.0,,119972000.0,25751000.0,484550000.0,976783000.0,,1802726000.0,938091000.0,19471000.0,7117134000.0,-406095000.0,673307000.0,-255305000.0,4601874000.0,4467121000.0,4821400000.0,17422862000.0,-189623000.0,18900148000.0,2286951000.0,264225000.0,-600000000.0,-4650000.0,,-325782000.0,11773000.0,,,,
2021-12-31,DOAS.IS,1024427000.0,-329749000.0,,3409576000.0,2753977000.0,36360000.0,782817000.0,-585957000.0,647929000.0,-126075000.0,220000000.0,20829149000.0,22639000.0,182141000.0,,2218746000.0,,,3477054000.0,2968589000.0,632533000.0,89645000.0,-549596000.0,1969481000.0,,,,1712039000.0,13258000.0,458797000.0,2331581000.0,2331581000.0,2336056000.0,1161163000.0,4260780000.0,,2218746000.0,164264000.0,6477000.0,716193000.0,,213509000.0,-14492000.0,756578000.0,1205359000.0,,3594240000.0,1272800000.0,181179000.0,9754599000.0,-536641000.0,3268796000.0,19868000.0,6583292000.0,5086738000.0,5390916000.0,22087457000.0,749843000.0,24306203000.0,4350425000.0,536185000.0,-600000000.0,1954000.0,,-395438000.0,366660000.0,,,,
2018-12-31,EGEEN.IS,91794077.0,-8818588.0,,219357624.0,4299669.0,-63044298.0,-51589795.0,30090516.0,-70967958.0,-7998128.0,3150000.0,329955250.0,2393408.0,9185310.0,,280243274.0,,,256632517.0,379051499.0,31531641.0,176440874.0,-886777.0,137746949.0,-54523430.0,,27133805.0,,161583508.0,-12868708.0,347519858.0,347519858.0,347519858.0,217673629.0,414483704.0,,280243274.0,15958231.0,1285425.0,12515455.0,,42861676.0,-60824768.0,21620404.0,220100890.0,3493350.0,580688879.0,33720661.0,24964279.0,1006479971.0,-102152746.0,195118780.0,-88666365.0,579445271.0,169441699.0,239437180.0,306344493.0,98808225.0,586587767.0,605459283.0,21620404.0,-86920522.0,28764689.0,14534705.0,-2363516.0,14356673.0,,9530184.0,,
2019-12-31,EGEEN.IS,40820270.0,-17543151.0,,240087443.0,32233750.0,21831590.0,4293957.0,-15446749.0,-45963691.0,-957223.0,3150000.0,411444112.0,832828.0,10407619.0,,229162780.0,,,273011042.0,287503259.0,29785171.0,13633302.0,-981148.0,102126511.0,-54523430.0,,1087694.0,131810959.0,,-10519313.0,257718088.0,257718088.0,257718088.0,124949491.0,635715364.0,,229162780.0,6517187.0,37376.0,15172116.0,,12548204.0,-894158.0,18827799.0,74008100.0,3628906.0,627370867.0,41113514.0,2717501.0,749350869.0,-159769100.0,232870550.0,-69632389.0,523381321.0,82842750.0,100002203.0,455292374.0,58340479.0,684455154.0,649348666.0,18827799.0,-150010076.0,28764689.0,,760289.0,7147510.0,54523430.0,4091067.0,,
2020-12-31,EGEEN.IS,47510573.0,-4627260.0,,449357360.0,207855656.0,-24235724.0,5344859.0,5524446.0,-135121547.0,11085342.0,3150000.0,297588493.0,1494366.0,11721276.0,,172184794.0,,,212325246.0,293799344.0,30103472.0,13871439.0,-3965354.0,93688548.0,-27179323.0,,,160145611.0,,102780057.0,263695872.0,263695872.0,263695872.0,179806115.0,696464528.0,,172184794.0,8513021.0,12281.0,153957841.0,,16422861.0,1691913.0,16129928.0,66543047.0,4976863.0,691056039.0,33471676.0,1816593.0,1051298015.0,37458430.0,139844346.0,-59840969.0,802224897.0,320839137.0,340962048.0,337728945.0,121614550.0,509913739.0,710335967.0,16129928.0,-58578550.0,90393849.0,,-6743077.0,-25502776.0,77135671.0,5033367.0,,
2021-12-31,EGEEN.IS,122151094.0,-18537083.0,,329382931.0,-118590253.0,-230370648.0,-207124872.0,80525451.0,-157093929.0,713744.0,3150000.0,624673441.0,10310005.0,13532670.0,,358159904.0,,,424799326.0,687887076.0,84361875.0,14453562.0,-1778286.0,304129001.0,58600854.0,,,222101659.0,,-17668463.0,603525201.0,603525201.0,603525201.0,408951848.0,1103940986.0,,358159904.0,26257826.0,20732.0,57922823.0,,16964614.0,2695414.0,18685606.0,71320377.0,5568639.0,1096558942.0,58375369.0,,1393524530.0,-219531097.0,105797249.0,-85745065.0,1059391106.0,252140047.0,275129982.0,691312863.0,329727172.0,1049472767.0,1118394548.0,18685606.0,-198022298.0,80888660.0,,-3840336.0,-121995087.0,,7157036.0,,
2018-12-31,ECILC.IS,194359000.0,-2073000.0,,619899000.0,113320000.0,-40635000.0,-21296000.0,76889000.0,-85025000.0,-5120000.0,685260000.0,448841000.0,5777000.0,9462000.0,,68245000.0,,,243253000.0,295251000.0,55162000.0,14396000.0,-12118000.0,87536000.0,-68702000.0,,48076000.0,3147008000.0,37000.0,64663000.0,240119000.0,240119000.0,240089000.0,187440000.0,3983411000.0,,68245000.0,376637000.0,13840000.0,4509000.0,,168815000.0,-10298000.0,2857913000.0,6048000.0,,454634000.0,185306000.0,35870000.0,4456472000.0,-63074000.0,175275000.0,1119000.0,912383000.0,241737000.0,458628000.0,623849000.0,227006000.0,692094000.0,3997807000.0,2857913000.0,-137052000.0,,,9315000.0,74352000.0,,,,
2019-12-31,ECILC.IS,231813000.0,-1648000.0,,672782000.0,52395000.0,-48335000.0,-2988000.0,37167000.0,-18435000.0,12295000.0,685260000.0,562521000.0,13101000.0,20325000.0,,147852000.0,,,314555000.0,193117000.0,30389000.0,14853000.0,-21217000.0,88567000.0,10979000.0,,10000000.0,3431595000.0,37000.0,-3296000.0,162728000.0,162728000.0,162728000.0,234051000.0,4262368000.0,,147852000.0,370628000.0,741000.0,37195000.0,,184761000.0,-16328000.0,3178800000.0,19916000.0,,413161000.0,183031000.0,70650000.0,4838337000.0,-204011000.0,163789000.0,92617000.0,1001345000.0,358554000.0,561079000.0,729224000.0,45265000.0,877076000.0,4277221000.0,3178800000.0,-205578000.0,,,4863000.0,79511000.0,,,,
2020-12-31,ECILC.IS,273351000.0,-2136000.0,,856115000.0,182482000.0,25379000.0,-62930000.0,46564000.0,-257665000.0,-19680000.0,685260000.0,609811000.0,6031000.0,21962000.0,,123271000.0,,,299321000.0,385966000.0,63852000.0,10429000.0,-19556000.0,149134000.0,7455000.0,,40000000.0,4306530000.0,62000.0,62288000.0,322089000.0,322089000.0,322114000.0,226080000.0,5271817000.0,,123271000.0,360380000.0,7953000.0,13718000.0,,223723000.0,-8140000.0,3910360000.0,25456000.0,,686626000.0,184190000.0,102882000.0,5970231000.0,23080000.0,77043000.0,82359000.0,1267436000.0,414110000.0,687923000.0,785861000.0,262695000.0,909132000.0,5282246000.0,3910360000.0,-49173000.0,,,9965000.0,66904000.0,,,,
2021-12-31,ECILC.IS,290135000.0,-6487000.0,,1265256000.0,409190000.0,-7150000.0,29775000.0,-11000.0,-320417000.0,34917000.0,685260000.0,764181000.0,7196000.0,23522000.0,,89288000.0,,,339334000.0,939479000.0,184407000.0,21671000.0,-17809000.0,116865000.0,-93002000.0,,,6037759000.0,74000.0,-76714000.0,755060000.0,755060000.0,755072000.0,233544000.0,7374023000.0,,89288000.0,360397000.0,4542000.0,140033000.0,,294390000.0,-3655000.0,5418005000.0,47719000.0,,1292429000.0,253701000.0,82405000.0,8264593000.0,-174178000.0,517111000.0,66257000.0,1797047000.0,542941000.0,868825000.0,1014227000.0,850191000.0,1103515000.0,7395694000.0,5418005000.0,-150757000.0,,,53293000.0,190740000.0,,,,
2018-12-31,EKGYO.IS,958605000.0,-1995000.0,2366895000.0,674871000.0,109145000.0,-1117794000.0,-478796000.0,-618692000.0,90361000.0,652532000.0,3800000000.0,2424267000.0,388000.0,7320000.0,,1265379000.0,,,1503376000.0,1268049000.0,0.0,1984000.0,-493796000.0,16873954000.0,8466000.0,,1685943000.0,8702000.0,-1466000.0,903030000.0,1268049000.0,1268049000.0,1268049000.0,2159263000.0,13083000000.0,,1265379000.0,2546823000.0,987331000.0,5622040000.0,,220158000.0,-56363000.0,-42000.0,66342000.0,,7202611000.0,294360000.0,976999000.0,23319270000.0,54089000.0,-196935000.0,251991000.0,20695419000.0,8329651000.0,10235752000.0,2662264000.0,2670000.0,3927643000.0,13084984000.0,-284522000.0,-644442000.0,,,-204499000.0,123599000.0,,,-11751000.0,
2019-12-31,EKGYO.IS,491024000.0,-1643000.0,2366895000.0,546968000.0,-62188000.0,-2482449000.0,1413256000.0,-504180000.0,393000000.0,-407814000.0,3800000000.0,4233135000.0,7454000.0,30520000.0,,1035979000.0,,,1427693000.0,771284000.0,-7066000.0,4393000.0,-739936000.0,15530351000.0,-4368000.0,,1587564000.0,8167000.0,-1485000.0,1406773000.0,778369000.0,778369000.0,778350000.0,3445828000.0,13740134000.0,,1035979000.0,3673401000.0,869682000.0,5026513000.0,,129583000.0,1385000.0,-42000.0,106452000.0,,7862154000.0,390329000.0,1310695000.0,24185242000.0,794862000.0,-778966000.0,-78084000.0,20392829000.0,8722050000.0,10442200000.0,4624849000.0,-264695000.0,5660828000.0,13744527000.0,-284522000.0,-118826000.0,,,-493085000.0,14764000.0,,,-11751000.0,
2020-12-31,EKGYO.IS,2446725000.0,-10666000.0,2366895000.0,2005246000.0,689597000.0,171459000.0,-1421862000.0,724002000.0,-138210000.0,783529000.0,3800000000.0,3558149000.0,1813000.0,29794000.0,,770696000.0,,,1171364000.0,834139000.0,-2424000.0,4586000.0,-481693000.0,17881824000.0,-289946000.0,,2981094000.0,7223000.0,-1180000.0,347657000.0,836258000.0,836258000.0,836563000.0,3000886000.0,14490602000.0,,770696000.0,4551846000.0,1076927000.0,6293276000.0,,134647000.0,-27180000.0,-42000.0,115752000.0,,8624566000.0,427848000.0,1599188000.0,28644290000.0,-5793000.0,985402000.0,-290012000.0,23964883000.0,11032208000.0,14150282000.0,3958817000.0,63443000.0,4729513000.0,14495188000.0,-296273000.0,-73846000.0,,,-267853000.0,13587000.0,,,-11751000.0,
2021-12-31,EKGYO.IS,1930357000.0,-44855000.0,2366895000.0,3728285000.0,1965913000.0,637974000.0,-1485443000.0,-725450000.0,350861000.0,2420305000.0,3800000000.0,4606254000.0,2700000.0,29968000.0,,1386154000.0,,,2131207000.0,1316260000.0,-16063000.0,5028000.0,-605363000.0,18807256000.0,305243000.0,,2027320000.0,1342000.0,,-421349000.0,1332323000.0,1332323000.0,1332323000.0,2849672000.0,15741859000.0,,1386154000.0,4488571000.0,727505000.0,8020159000.0,,144502000.0,208229000.0,-42000.0,152793000.0,,9876265000.0,536824000.0,1174494000.0,30760452000.0,-857985000.0,2561252000.0,262646000.0,26112718000.0,12838385000.0,15013565000.0,5351307000.0,-69894000.0,6737461000.0,15746887000.0,-296273000.0,-79444000.0,,,-357192000.0,9278000.0,,,,
2018-12-31,ENJSA.IS,2480917000.0,-278326000.0,,562352000.0,389602000.0,-1873807000.0,-46202000.0,973037000.0,3654700000.0,-1627017000.0,1181069000.0,12437175000.0,2847000.0,241495000.0,,3449342000.0,,,5909612000.0,1321996000.0,574299000.0,4768068000.0,-1522209000.0,159195000.0,-121455000.0,,6086767000.0,8503518000.0,,1235038000.0,747697000.0,747697000.0,747697000.0,3970456000.0,-446280000.0,,3449342000.0,1113132000.0,330014000.0,564822000.0,,3195221000.0,720320000.0,2808990000.0,358781000.0,,2308856000.0,1739950000.0,2479941000.0,22592810000.0,-191020000.0,2086590000.0,-1505968000.0,5872184000.0,7011907000.0,16293895000.0,14897445000.0,-2127346000.0,18346787000.0,6298915000.0,2808990000.0,-354321000.0,,1977127000.0,-1071737000.0,96087000.0,791117000.0,,,
2019-12-31,ENJSA.IS,2611620000.0,-251889000.0,,469786000.0,-92566000.0,-281098000.0,16004000.0,143490000.0,2138685000.0,288564000.0,1181069000.0,14155268000.0,244040000.0,349429000.0,,2692756000.0,,,5297817000.0,1391356000.0,357734000.0,4571278000.0,-1693215000.0,144082000.0,-121455000.0,,5584270000.0,9445286000.0,,-125268000.0,1033622000.0,1033622000.0,1033622000.0,4031901000.0,286098000.0,,2692756000.0,990941000.0,10749000.0,2439819000.0,,1645084000.0,525682000.0,2625160000.0,629026000.0,,3028274000.0,2079379000.0,2998162000.0,23395458000.0,-2305781000.0,3712134000.0,-1498919000.0,5781800000.0,9234695000.0,16560955000.0,16760329000.0,-1301400000.0,19453085000.0,6834503000.0,2625160000.0,-472427000.0,,1977127000.0,-1708086000.0,122406000.0,1098550000.0,,,
2020-12-31,ENJSA.IS,1914357000.0,-310179000.0,,588571000.0,118785000.0,-965769000.0,-37586000.0,-674626000.0,2706719000.0,1309922000.0,1181069000.0,16270619000.0,362026000.0,414573000.0,,2556262000.0,,,5486584000.0,1412706000.0,325023000.0,4379909000.0,-1235014000.0,176744000.0,-121455000.0,,7336336000.0,9121848000.0,,445164000.0,1087683000.0,1087683000.0,1087683000.0,3506206000.0,796270000.0,,2556262000.0,1300725000.0,74400000.0,3160526000.0,,1803821000.0,603550000.0,2354801000.0,1043026000.0,,3617436000.0,2326772000.0,1573020000.0,24675505000.0,-1523858000.0,3870421000.0,-2227778000.0,6852870000.0,8287610000.0,17522199000.0,19200941000.0,-1143556000.0,21757203000.0,7153306000.0,2354801000.0,-708641000.0,,1977127000.0,-1260381000.0,49097000.0,2474220000.0,,,
2021-12-31,ENJSA.IS,3981140000.0,-753880000.0,,411992000.0,-176579000.0,-3362830000.0,-277912000.0,2064398000.0,3415309000.0,463490000.0,1181069000.0,22513235000.0,318901000.0,435346000.0,,4497118000.0,,,8034446000.0,3143114000.0,860746000.0,4248308000.0,-1377257000.0,467460000.0,126108000.0,,4665078000.0,9537341000.0,,722941000.0,2282368000.0,2282368000.0,2282368000.0,6755569000.0,3125587000.0,,4497118000.0,1074952000.0,1615420000.0,3283927000.0,,2887556000.0,472313000.0,2941727000.0,1700284000.0,,5228226000.0,3065015000.0,5298546000.0,31333641000.0,-1968072000.0,5057411000.0,-3265918000.0,12795629000.0,14256376000.0,21982619000.0,26050563000.0,-1354004000.0,30547681000.0,9351022000.0,2941727000.0,-1133826000.0,,1977127000.0,-1557187000.0,111545000.0,3316298000.0,,,
2018-12-31,ENKAI.IS,1811854000.0,-386447000.0,,3297069000.0,347018000.0,-1049395000.0,-429897000.0,693494000.0,242936000.0,-253356000.0,5021689000.0,10398138000.0,28486000.0,500383000.0,,3023074000.0,,,3519604000.0,2235671000.0,622408000.0,231805000.0,-29186000.0,1615528000.0,-1275207000.0,,461570000.0,9077494000.0,412600000.0,-44600000.0,1582042000.0,1582042000.0,1613263000.0,3004374000.0,31874366000.0,,3023074000.0,10263540000.0,374369000.0,2257911000.0,,2753857000.0,-50178000.0,2990350000.0,8177510000.0,,24387297000.0,546708000.0,81317000.0,41015455000.0,-962622000.0,1286207000.0,-1262771000.0,13265106000.0,4804519000.0,8496684000.0,10894668000.0,-787403000.0,13917742000.0,32106171000.0,2697185000.0,-779588000.0,1286204000.0,,18653000.0,615158000.0,,,-157087000.0,
2019-12-31,ENKAI.IS,1047678000.0,-742407000.0,,6041469000.0,2743721000.0,1614739000.0,175283000.0,-998127000.0,-2663263000.0,1494027000.0,5021689000.0,8260104000.0,41817000.0,660819000.0,,1667704000.0,,,2473008000.0,4499282000.0,630569000.0,382047000.0,-25814000.0,1616400000.0,-43831000.0,,295913000.0,10555843000.0,413239000.0,-282253000.0,3888760000.0,3888760000.0,3868713000.0,2125995000.0,38630336000.0,,1667704000.0,12554702000.0,605717000.0,3803449000.0,,3284451000.0,57220000.0,4380547000.0,8554461000.0,,30085385000.0,748084000.0,92718000.0,49409979000.0,-1912135000.0,4172238000.0,126970000.0,17362926000.0,5772096000.0,9984357000.0,9065408000.0,2831578000.0,10733112000.0,39012383000.0,3905309000.0,-1465314000.0,356648000.0,,-20349000.0,763024000.0,6923960000.0,,-144219000.0,
2020-12-31,ENKAI.IS,1231288000.0,-439079000.0,,9914877000.0,3872007000.0,-565208000.0,39020000.0,-63362000.0,-2588863000.0,713229000.0,5621689000.0,8718327000.0,62417000.0,657402000.0,,2159967000.0,,,2898681000.0,5299918000.0,781758000.0,458044000.0,-29726000.0,1965260000.0,971476000.0,,149472000.0,11591939000.0,562198000.0,-114108000.0,4505060000.0,4505060000.0,4518160000.0,2741669000.0,48675893000.0,,2159967000.0,14310035000.0,1084095000.0,5594801000.0,,3627372000.0,6250000.0,5515780000.0,9051054000.0,,38946825000.0,732464000.0,119976000.0,62053819000.0,-1412928000.0,2697278000.0,1183963000.0,26642747000.0,7891277000.0,12357684000.0,9457041000.0,3139951000.0,11617008000.0,49133937000.0,4565423000.0,-922489000.0,1403694000.0,,-13241000.0,925883000.0,,,-363090000.0,
2021-12-31,ENKAI.IS,4642606000.0,-1487142000.0,,27480488000.0,17559623000.0,881432000.0,191219000.0,2406812000.0,-274584000.0,5509661000.0,5621689000.0,19072729000.0,176468000.0,1101355000.0,,5169837000.0,,,6709307000.0,6966044000.0,1890088000.0,782172000.0,-20631000.0,3408746000.0,-2949865000.0,,45309000.0,13272104000.0,880574000.0,-365677000.0,5159042000.0,5159042000.0,5075956000.0,4254570000.0,88195833000.0,,5169837000.0,27375288000.0,3171241000.0,16609350000.0,,6668907000.0,538000000.0,16120667000.0,11828391000.0,,68961323000.0,1001470000.0,120096000.0,121324988000.0,-2304866000.0,14974937000.0,-3398161000.0,68067033000.0,23402921000.0,31466409000.0,20612199000.0,1796207000.0,25782036000.0,88978005000.0,14394993000.0,-1992576000.0,8287713000.0,,53387000.0,921807000.0,,,,
2018-12-31,ERBOS.IS,87535394.0,-3823213.0,,103836011.0,27743776.0,,,0.0,-64987622.0,,5220000.0,453139277.0,,3209335.0,,98557524.0,,,110611561.0,88813956.0,16811925.0,,-6091529.0,115827874.0,,,,248895.0,,41392697.0,72002031.0,72002031.0,72002031.0,133564973.0,281079188.0,,98557524.0,6195132.0,29848897.0,36529535.0,,10413649.0,-16142976.0,70989461.0,69598216.0,,204869727.0,28197013.0,,459650362.0,21392697.0,10223744.0,-3872665.0,383608119.0,168157525.0,178571174.0,465193314.0,-9743568.0,563750838.0,281079188.0,70989461.0,-20000000.0,,,,,,,,
2019-12-31,ERBOS.IS,91167634.0,-2560835.0,,163129928.0,59293917.0,,,0.0,-75675725.0,,20000000.0,510649936.0,,3440423.0,,70472779.0,,,93165447.0,79102653.0,13579354.0,,-6790902.0,178364689.0,,,,248895.0,,91200920.0,65523299.0,65523299.0,65523299.0,141269032.0,327909201.0,,70472779.0,6195132.0,20677051.0,5190148.0,,7043343.0,-11692432.0,55649964.0,68497369.0,,252259237.0,34385100.0,,579963251.0,68200920.0,-6712003.0,-2195000.0,505021855.0,245010707.0,252054050.0,533342604.0,8629874.0,603815383.0,327909201.0,55649964.0,-23000000.0,,,,,,,,
2020-12-31,ERBOS.IS,11923135.0,-22779362.0,,126570979.0,-36558949.0,,,0.0,-210480800.0,,20000000.0,466520500.0,,531487.0,,81632828.0,,,104868266.0,99482461.0,13835219.0,,-8661724.0,134553920.0,,,,248895.0,,120258100.0,85647242.0,85647242.0,85647242.0,168785250.0,482657052.0,,81632828.0,11000132.0,28026614.0,3075425.0,,22622810.0,-11763185.0,134750573.0,184246794.0,,327906479.0,34998623.0,,653957767.0,110258100.0,-124302071.0,-22514978.0,458461946.0,148677905.0,171300715.0,489755938.0,17849633.0,571388766.0,482657052.0,134750573.0,-10000000.0,,,,,,,,
2021-12-31,ERBOS.IS,23198546.0,-5827672.0,,157493591.0,30922612.0,,,0.0,-192571930.0,,20000000.0,997726273.0,,11880796.0,,246510495.0,,,298727066.0,244603603.0,48273020.0,,-7211899.0,334183729.0,,,,248895.0,,41005750.0,196330583.0,196330583.0,196330583.0,354171519.0,665674682.0,,246510495.0,11010610.0,55663442.0,8422331.0,,14880418.0,-34213373.0,141437620.0,178101518.0,,504237062.0,86429944.0,,1091741619.0,21005750.0,15639449.0,-5722587.0,902380596.0,411186519.0,426066937.0,1049942844.0,-1906892.0,1296453339.0,665674682.0,141437620.0,-20000000.0,,,,,,,,
2018-12-31,EREGL.IS,1934214000.0,-936790000.0,106447000.0,8659336000.0,1666178000.0,-747474000.0,-1836801000.0,620587000.0,162539000.0,-486467000.0,3500000000.0,18631954000.0,67552000.0,908345000.0,,7642320000.0,,,8383300000.0,8630677000.0,2785956000.0,283516000.0,-177570000.0,8890150000.0,-148515000.0,,1402854000.0,153379000.0,887864000.0,1630566000.0,5597990000.0,5597990000.0,5844721000.0,4575074000.0,28083245000.0,,7642320000.0,772855000.0,251436000.0,1001038000.0,,3237144000.0,23760000.0,14651694000.0,18060211000.0,17546000.0,10224852000.0,699674000.0,1066402000.0,41782110000.0,-1029091000.0,4218719000.0,-1454010000.0,22512149000.0,7887487000.0,12527485000.0,19372934000.0,988357000.0,27015254000.0,28366761000.0,14535462000.0,-2977190000.0,-69440000.0,,317533000.0,-307232000.0,61000000.0,,,
2019-12-31,EREGL.IS,2935139000.0,-1408170000.0,106447000.0,10590024000.0,1895050000.0,1711282000.0,706581000.0,750727000.0,-134520000.0,-256997000.0,3500000000.0,22454025000.0,41911000.0,1149507000.0,,4247972000.0,,,5011160000.0,5067384000.0,1573177000.0,312534000.0,-394156000.0,9329163000.0,-8691000.0,,2009346000.0,200981000.0,948177000.0,1270955000.0,3316527000.0,3316527000.0,3494207000.0,3821508000.0,29986764000.0,,4247972000.0,1123475000.0,219284000.0,761316000.0,,3754211000.0,-22192000.0,17948889000.0,20898931000.0,24999000.0,8860194000.0,760381000.0,1344811000.0,46672625000.0,-3568048000.0,7243107000.0,-1622352000.0,24136704000.0,9450454000.0,15425150000.0,23217213000.0,819412000.0,27465185000.0,30299298000.0,17832657000.0,-4888779000.0,-157657000.0,,49776000.0,-214966000.0,101304000.0,,,
2020-12-31,EREGL.IS,3764540000.0,-2124384000.0,106447000.0,13542177000.0,2933062000.0,367986000.0,1381585000.0,138068000.0,243560000.0,349750000.0,3500000000.0,26123431000.0,72311000.0,1525473000.0,,5053561000.0,,,5924598000.0,5657525000.0,2147735000.0,410715000.0,-376461000.0,10106678000.0,44389000.0,,2574623000.0,230155000.0,1312149000.0,-2749352000.0,3309093000.0,3309093000.0,3509790000.0,4508389000.0,39398712000.0,,5053561000.0,2466320000.0,188106000.0,1460292000.0,,4625481000.0,14877000.0,13465592000.0,26379480000.0,29397000.0,22853620000.0,826763000.0,2566864000.0,57993912000.0,-3370745000.0,7315515000.0,-3119368000.0,28507242000.0,9434112000.0,16872336000.0,26994468000.0,603964000.0,32048029000.0,39809427000.0,13349360000.0,-815724000.0,2107660000.0,,194331000.0,-1193370000.0,39048000.0,,,
2021-12-31,EREGL.IS,6703270000.0,-3807977000.0,106447000.0,23189668000.0,9598366000.0,-3954683000.0,-10053702000.0,-341459000.0,2591421000.0,-103645000.0,3500000000.0,42710993000.0,184646000.0,2051931000.0,,24265983000.0,,,25516411000.0,23916713000.0,7838155000.0,3688755000.0,-331898000.0,28960197000.0,31877000.0,,6667016000.0,370785000.0,2254711000.0,3148644000.0,15527082000.0,15527082000.0,16078558000.0,12485533000.0,78353803000.0,,24265983000.0,4753589000.0,346649000.0,6425913000.0,,11456712000.0,27359000.0,36321977000.0,51685307000.0,47633000.0,42480701000.0,1175436000.0,3228161000.0,126442297000.0,-3425756000.0,5716945000.0,-7520856000.0,65693526000.0,23477310000.0,41894693000.0,43961421000.0,-349270000.0,68227404000.0,82292893000.0,36205745000.0,-6824686000.0,14828033000.0,250335000.0,250286000.0,-1633610000.0,9862000.0,,,
2018-12-31,ESEN.IS,17621828.0,-76214263.0,,46353.0,41382.0,-727947.0,-22124061.0,17621642.0,2086274.0,70120.0,50000.0,2949259.0,,399755.0,,4513355.0,,,4634741.0,1898297.0,960322.0,,-19720.0,,,24650000.0,33693793.0,50000.0,847841080.0,49346680.0,937975.0,937975.0,937975.0,1625427.0,31402841.0,,4513355.0,3146938.0,281627.0,636993.0,,11110907.0,7934.0,30506661.0,105152077.0,,925423.0,113452.0,15834337.0,110381884.0,40623920.0,20387819.0,-60970357.0,1953626.0,34095100.0,78899800.0,3070645.0,-2615058.0,7584000.0,31482084.0,30506661.0,,,79243.0,-8722760.0,15243906.0,219.0,,,
2019-12-31,ESEN.IS,75452933.0,-1540080.0,,17368032.0,17321679.0,-3735430.0,-22124061.0,-10803944.0,-28921433.0,11148422.0,40000000.0,21023629.0,,8264393.0,,2096220.0,,,2953130.0,61172700.0,-4343664.0,178862.0,-22598681.0,,,24650000.0,138673081.0,50000.0,847841080.0,-2242905.0,65516364.0,65516364.0,65516364.0,5247561.0,181558122.0,,2096220.0,1657117.0,370317.0,11762345.0,,50737295.0,181751.0,53711598.0,470462658.0,,88104629.0,675159.0,36787469.0,495508586.0,-125416.0,41468372.0,-24021277.0,23080706.0,124281983.0,313692359.0,21880539.0,59076480.0,23976759.0,181816227.0,53711598.0,,,79243.0,-22532511.0,-22481197.0,,,,
2020-12-31,ESEN.IS,102977129.0,-6455000.0,177664779.0,189344384.0,171976352.0,-8177241.0,-22124061.0,95547207.0,-71988778.0,-11185690.0,64000000.0,77450803.0,,11640552.0,,63682956.0,,,66480041.0,73806389.0,-7815831.0,158169.0,-20010052.0,22124061.0,,177664779.0,309723932.0,50000.0,847841080.0,50979544.0,81622220.0,81622220.0,81622220.0,40519295.0,590600305.0,,63682956.0,1606143.0,12481272.0,12961962.0,,135590286.0,316786.0,197078329.0,967102015.0,,152094609.0,2480299.0,81087560.0,1233796195.0,208710132.0,75334209.0,-112067989.0,264800625.0,197644260.0,642958478.0,80247888.0,10123433.0,143930844.0,590837717.0,197078329.0,,,79243.0,-19934191.0,-5294891.0,,,,
2021-12-31,ESEN.IS,212455998.0,-110702068.0,725793112.0,797696001.0,608351617.0,-360517896.0,18724963.0,123822203.0,-1729728194.0,19096796.0,64000000.0,385970491.0,,86139464.0,,158698283.0,,,169259342.0,1030547348.0,5595427.0,133882.0,-78482841.0,3399098.0,,724943924.0,956345116.0,,847841080.0,914239702.0,980556198.0,980556198.0,1024951921.0,374727524.0,3402912771.0,,158698283.0,1200979.0,19267270.0,29548833.0,,49224246.0,828861.0,1816021504.0,4606837458.0,,797232037.0,9732198.0,262199425.0,5806125985.0,1582359101.0,-861906466.0,-112101019.0,1197953666.0,549668890.0,1555238252.0,396531550.0,871849065.0,555229833.0,3403046653.0,1816021504.0,,,,-56824525.0,-1528195.0,,,,
2018-12-31,FROTO.IS,4022687000.0,-889983000.0,8000.0,1392772000.0,-411896000.0,200967000.0,-734965000.0,231959000.0,805819000.0,-574507000.0,350910000.0,29833459000.0,644175000.0,473641000.0,,2359203000.0,,,3458571000.0,1761112000.0,77916000.0,179116000.0,-394415000.0,1917309000.0,-1027000.0,,1678554000.0,13341000.0,,-292287000.0,1683196000.0,1683196000.0,1683196000.0,3143977000.0,3714123000.0,,2359203000.0,1673775000.0,904049000.0,145150000.0,,393035000.0,-84960000.0,-755787000.0,3922747000.0,368568000.0,4298108000.0,815760000.0,773550000.0,13184440000.0,-1443697000.0,2176407000.0,-1144606000.0,7395461000.0,7219612000.0,9291201000.0,30932827000.0,-598091000.0,33292030000.0,3893239000.0,-755787000.0,-800075000.0,,,52212000.0,-64213000.0,,644226000.0,,
2019-12-31,FROTO.IS,4545420000.0,-1093013000.0,8000.0,3202952000.0,1809208000.0,-943931000.0,25498000.0,505827000.0,707977000.0,-21638000.0,350910000.0,35193802000.0,650146000.0,650785000.0,,2649018000.0,,,4015217000.0,1950173000.0,-9311000.0,307147000.0,-618376000.0,1980623000.0,-12959000.0,,2505299000.0,24856000.0,,1069898000.0,1959484000.0,1959484000.0,1959484000.0,4106963000.0,4357774000.0,,2649018000.0,1381309000.0,819601000.0,136943000.0,,534697000.0,-68318000.0,-659258000.0,4536262000.0,419583000.0,4973261000.0,1014934000.0,1025728000.0,16406372000.0,-149628000.0,3007664000.0,-1048828000.0,10156798000.0,8645371000.0,11741451000.0,36560001000.0,-698845000.0,39209019000.0,4664921000.0,-659258000.0,-852711000.0,,,64805000.0,187531000.0,,524049000.0,,
2020-12-31,FROTO.IS,7747793000.0,-723803000.0,8000.0,8124073000.0,4873400000.0,-1678624000.0,-628966000.0,3228833000.0,1501800000.0,-141731000.0,350910000.0,43264878000.0,954246000.0,786149000.0,,4476072000.0,,,6186529000.0,4108330000.0,-86583000.0,413326000.0,-501058000.0,2637613000.0,-12959000.0,,4097768000.0,49601000.0,,-568923000.0,4194913000.0,4194913000.0,4194913000.0,5755639000.0,6630576000.0,,4476072000.0,1809438000.0,1007412000.0,258315000.0,,675250000.0,-71953000.0,-1380351000.0,4472292000.0,459451000.0,8073335000.0,1322959000.0,1660704000.0,24349179000.0,-1451256000.0,7390661000.0,-1066005000.0,17604522000.0,12480781000.0,17305277000.0,44975335000.0,-367742000.0,49451407000.0,7043902000.0,-1380351000.0,-1094839000.0,,,212506000.0,-156753000.0,,491513000.0,,
2021-12-31,FROTO.IS,11378668000.0,-1613855000.0,8000.0,14173931000.0,6032611000.0,-6015248000.0,-2821203000.0,3647779000.0,4577266000.0,-537667000.0,350910000.0,59947098000.0,1715971000.0,876340000.0,,8626298000.0,,,11154160000.0,8686759000.0,-114246000.0,820499000.0,-950385000.0,5518626000.0,-12959000.0,,10750441000.0,62872000.0,,3496668000.0,8801005000.0,8801005000.0,8801005000.0,11407568000.0,9328039000.0,,8626298000.0,3877780000.0,1603045000.0,433413000.0,,1061827000.0,-207554000.0,-3242547000.0,5217850000.0,680519000.0,13040167000.0,2054897000.0,3733404000.0,42792853000.0,771645000.0,8702451000.0,-3441485000.0,32813852000.0,20782144000.0,32644315000.0,62474960000.0,60461000.0,71101258000.0,10148538000.0,-3242547000.0,-2252842000.0,,,850750000.0,-1059498000.0,,666278000.0,,
2018-12-31,GENIL.IS,105622196.0,-7216263.0,,5934388.0,-14845636.0,12831693.0,-27289096.0,834501.0,46600633.0,-51931001.0,50000000.0,1009318525.0,12075952.0,12131128.0,1039407.0,79322483.0,,,171115680.0,7037669.0,1552755.0,3436913.0,-18656213.0,108376881.0,,527012440.0,51880823.0,1378012.0,1541232.0,7075914.0,6524321.0,6524321.0,5484914.0,140034412.0,107608855.0,,79322483.0,20276278.0,11475189.0,19340154.0,,2416180.0,3906906.0,-1900731.0,120672902.0,2307360.0,62946499.0,85578931.0,33714089.0,412616869.0,-8076463.0,28227.0,-6797400.0,266852764.0,237259967.0,300029869.0,1101111722.0,-72284814.0,1180434205.0,111045768.0,-1900731.0,,-1227479.0,,-15152377.0,19458.0,,,-6429300.0,
2019-12-31,GENIL.IS,141629046.0,-38220855.0,,53683803.0,47749415.0,-34461710.0,-27395965.0,36517163.0,43543066.0,-10807894.0,50000000.0,1487220218.0,11857150.0,15702189.0,674746.0,194928056.0,,,307925815.0,159075827.0,16632522.0,4293293.0,-15229115.0,137144109.0,,527012440.0,46982243.0,1378012.0,2006272.0,-41488839.0,143118051.0,143118051.0,142443305.0,171717002.0,239184028.0,,194928056.0,20042190.0,10327700.0,30456678.0,,2811470.0,7207862.0,-2583039.0,159974517.0,,196060360.0,105789897.0,59200226.0,560232049.0,-57843805.0,166385887.0,-60792667.0,374544037.0,261933712.0,314748456.0,1600217977.0,-35852229.0,1795146033.0,243477321.0,-2583039.0,,-1227479.0,,-16354966.0,19458.0,,,-6429300.0,
2020-12-31,GENIL.IS,305327803.0,-84145700.0,,58650155.0,4966352.0,-25061636.0,-194711252.0,164937567.0,7278176.0,-81691387.0,50000000.0,1817671380.0,1218686.0,19446939.0,-62987.0,226228857.0,,,332296608.0,216833060.0,9735421.0,5830842.0,-16228211.0,332072185.0,,527012440.0,42167719.0,1903195.0,451203.0,21880418.0,208235298.0,208235298.0,207097639.0,255772466.0,551079043.0,,226228857.0,54893967.0,12784048.0,12349091.0,,25335522.0,-2094094.0,102614227.0,353601661.0,,404295658.0,108161845.0,60243828.0,1078241993.0,9638703.0,98735510.0,-102180382.0,662012328.0,448383175.0,520880905.0,1923739131.0,-9395797.0,2149967988.0,556909885.0,102614227.0,,-1227479.0,,-12241715.0,-538182.0,,15118447.0,-6429300.0,
2021-12-31,GENIL.IS,610686774.0,-124549475.0,474072440.0,519439682.0,460789527.0,-39039802.0,-269685023.0,239613365.0,-45939444.0,-80801968.0,300000000.0,2046834162.0,645078.0,43474328.0,,273448919.0,,,454518673.0,301438188.0,-8928485.0,22285098.0,-24027618.0,637388332.0,,527012440.0,17147815.0,104940035.0,2900821.0,-33287967.0,310845370.0,310845370.0,310366673.0,271552606.0,1259035548.0,,273448919.0,95645480.0,32454855.0,46136795.0,,11642697.0,11999194.0,99088566.0,432998692.0,,414588940.0,169070560.0,45072504.0,2119420852.0,506858654.0,158830023.0,-272039142.0,1463551547.0,794984835.0,835199385.0,2227903916.0,27989269.0,2501352835.0,1281320646.0,92659266.0,,67139992.0,,19563481.0,,,44884288.0,-6429300.0,
2019-12-31,GESAN.IS,112937269.0,-26280291.0,,56180119.0,18609050.0,-121848678.0,4719479.0,96557533.0,28661267.0,4318663.0,25000000.0,410481205.0,11161046.0,12545010.0,,33188633.0,,,81207331.0,24633788.0,1157890.0,469869.0,-21897794.0,33651819.0,,245650000.0,72976534.0,597032.0,20503922.0,-19302433.0,18437009.0,18437009.0,23475898.0,196849266.0,130620154.0,,33188633.0,50896029.0,31646041.0,41787992.0,,5247183.0,7027697.0,36168143.0,126743403.0,370864.0,69921880.0,40620137.0,87569060.0,497563618.0,-44348315.0,44075888.0,-5388097.0,318857285.0,266552426.0,345969673.0,458499903.0,-8554845.0,491688536.0,131090023.0,36168143.0,,24269574.0,,-25045882.0,149998.0,,2652036.0,,
2020-12-31,GESAN.IS,116438290.0,-33950278.0,,127696102.0,71515983.0,-18142611.0,-207302713.0,-12743632.0,155237316.0,-15404801.0,100000000.0,498293700.0,,6312967.0,,330807913.0,,,381936925.0,258981238.0,41281421.0,433811.0,-6391719.0,242198320.0,,245650000.0,124187776.0,,31735066.0,121538967.0,202641809.0,202641809.0,217699817.0,241753872.0,308717584.0,,330807913.0,21977355.0,20132882.0,30353515.0,,6536902.0,-9405748.0,55701914.0,175637290.0,416657.0,153449481.0,60118103.0,193308649.0,830881309.0,24177656.0,75345497.0,-28007170.0,632832853.0,356524104.0,489994848.0,549422712.0,-71826675.0,880230625.0,309151395.0,55701914.0,,,,-97361311.0,236147.0,298604.0,9518612.0,,
2021-12-31,GESAN.IS,395675172.0,-128289206.0,230650000.0,147086166.0,19390064.0,-291539841.0,-95875197.0,404847039.0,221642041.0,-501725729.0,115000000.0,792290712.0,,10857483.0,,367296086.0,,,439356748.0,303236044.0,49815254.0,1495807.0,-25561909.0,338073517.0,,245650000.0,200675793.0,,81752588.0,3594383.0,220494265.0,220494265.0,253420790.0,871255002.0,910845066.0,,367296086.0,45845118.0,162114435.0,149929300.0,,65410553.0,1047525.0,192747127.0,481058952.0,6760927.0,373943746.0,64252210.0,106946153.0,2049436389.0,210361407.0,-49559226.0,-141412117.0,1521036512.0,786882380.0,1055342928.0,864351374.0,-64060042.0,1231647460.0,912340873.0,192747127.0,,,,-38882976.0,6047298.0,1004150.0,23826914.0,,
2018-12-31,GLYHO.IS,137302005.0,-203678718.0,204351140.0,496942269.0,60503424.0,-42348630.0,5556973.0,96977490.0,252296702.0,-88108473.0,325888410.0,750536335.0,127171309.0,289095312.0,,157200908.0,,,377903157.0,-86157308.0,-22195049.0,2241386784.0,-209663441.0,93436870.0,-19466500.0,16356229.0,2117504621.0,219363335.0,723978161.0,229709176.0,-89864325.0,-89864325.0,-63962259.0,368889753.0,-1379268039.0,,157200908.0,708257208.0,131622094.0,260408140.0,,595551383.0,-27910009.0,400462052.0,1284995853.0,,136679288.0,244878173.0,514964146.0,5647992234.0,-107520577.0,424967743.0,-267002241.0,1104203711.0,1203373382.0,3972109985.0,971238584.0,-243358216.0,1128439492.0,951904088.0,284985250.0,-106528976.0,10058499.0,89785343.0,-262727210.0,-63288005.0,378032.0,,-74502543.0,
2019-12-31,GLYHO.IS,161530719.0,-167670303.0,242629340.0,474710252.0,-13938558.0,-70269026.0,8061364.0,55180179.0,194095619.0,113669582.0,325888410.0,1005616667.0,131264565.0,368810628.0,,137822648.0,,,435357628.0,-134409453.0,23266991.0,2687169200.0,-290238163.0,85375506.0,-19466500.0,16356229.0,2851302960.0,196468994.0,544799533.0,203027684.0,-130966969.0,-130966969.0,-157676444.0,614956876.0,-1812956742.0,,137822648.0,763012584.0,150326364.0,282981819.0,,689590523.0,11369554.0,455843239.0,1960386248.0,,86194951.0,279860429.0,698567419.0,7056432382.0,-199000056.0,539957022.0,-366165256.0,1350450647.0,1579020677.0,5538475682.0,1303151647.0,-272232101.0,1440974295.0,973157167.0,318444466.0,-106528976.0,11269732.0,98944709.0,-311854993.0,-85508538.0,418799.0,,,
2020-12-31,GLYHO.IS,242449452.0,-322228962.0,281223459.0,991689962.0,423816104.0,74764448.0,-12358917.0,105146321.0,40122019.0,-69861283.0,325888410.0,1426937373.0,278174854.0,472776365.0,,-267657110.0,,,202218273.0,-723087091.0,-225633849.0,2606267110.0,-354577990.0,99815456.0,-6559600.0,174553419.0,2126491810.0,255928844.0,460897380.0,907498690.0,-298607810.0,-298607810.0,-497453242.0,490051505.0,-1635807629.0,,-267657110.0,991396796.0,1286392959.0,677149699.0,,654825335.0,83602876.0,687895920.0,2545470010.0,,-205283126.0,379065368.0,2761648861.0,9406379211.0,710986551.0,313451179.0,-646083331.0,2889490742.0,4525955684.0,7857196641.0,1896812756.0,-455429981.0,1629155646.0,1088285190.0,686456447.0,,45461705.0,117825709.0,-371065558.0,60804258.0,445179.0,,,
2021-12-31,GLYHO.IS,370705229.0,-169214397.0,519656862.0,1535926457.0,380281661.0,-247176231.0,-40334688.0,286617548.0,458059009.0,-414659992.0,650000000.0,2112292393.0,196278076.0,392800356.0,,-254740382.0,,,472455163.0,-204066319.0,181864798.0,5811334476.0,-346438370.0,140150144.0,,539179834.0,7119259825.0,186210996.0,584781557.0,642443455.0,-111147055.0,-111147055.0,-385931117.0,1166305166.0,-4116002573.0,,-254740382.0,1214682945.0,606421095.0,393581181.0,,1139329107.0,239250607.0,857256886.0,4031073829.0,,-137749421.0,478159416.0,890072096.0,15077311142.0,70681052.0,325766762.0,-133110813.0,3640176472.0,3447267622.0,12603365258.0,2839487938.0,50674063.0,2584747556.0,1889164327.0,857256886.0,,116944660.0,193832424.0,-1110942237.0,-198012573.0,719987.0,,,
2018-12-31,GOZDE.IS,8953914.0,-1462.0,197944862.0,3009682.0,589896.0,-3256053.0,,669534.0,662462389.0,-21738267.0,385000000.0,11955838.0,,7772.0,,-16607688.0,,,8178433.0,-682911538.0,0.0,,-238313167.0,,16810830.0,,597817662.0,3646779473.0,,-416648000.0,-682911538.0,-682911538.0,-682911538.0,98275145.0,2258412898.0,,-16607688.0,27060280.0,13049.0,969222.0,,67435.0,-9461829.0,,20902.0,,1675468036.0,34247950.0,908904174.0,3775290164.0,6997734.0,-44766163.0,38358325.0,101429509.0,918992169.0,1516877266.0,36741959.0,-666303850.0,20134271.0,2258412898.0,,,,,423645734.0,21548957.0,,,,
2019-12-31,GOZDE.IS,8256783.0,-2020.0,197944862.0,1846632.0,-1163050.0,-21794829.0,,-697131.0,7354963.0,-4325311.0,385000000.0,8678076.0,,6307.0,,13021531.0,,,26050440.0,-8905917.0,0.0,,-307095689.0,,-36766313.0,,909023841.0,3998488969.0,,-292000000.0,-8905917.0,-8905917.0,-8905917.0,100324490.0,2249506981.0,,13021531.0,32027745.0,70290.0,1396459.0,,144528.0,-15845913.0,,16615.0,,1666562119.0,28874822.0,964276598.0,4132812303.0,19704391.0,-28361918.0,7494477.0,102278974.0,974136953.0,1883305322.0,21706985.0,-21927448.0,34728516.0,2249506981.0,,,,,311704391.0,44262810.0,,,,
2020-12-31,GOZDE.IS,23173311.0,-8145.0,197944862.0,50703.0,-1795929.0,,,14916527.0,-1749880031.0,-6175379.0,385000000.0,45538927.0,,5207.0,,-5760954.0,,,29077285.0,1714299903.0,0.0,,-219330940.0,,74616212.0,,984369878.0,5993184243.0,,-57386630.0,1714299903.0,1714299903.0,1714299903.0,228834.0,3963806884.0,,-5760954.0,39513265.0,32373.0,2658499.0,,181362.0,-10077134.0,,19553.0,,3380862022.0,44915373.0,1058629233.0,6033066823.0,-50970749.0,-26833773.0,76008593.0,349762.0,1084708699.0,2069259939.0,80377166.0,1720060857.0,74616212.0,3963806884.0,,,,,6415881.0,1400526.0,,,,
2021-12-31,GOZDE.IS,253339651.0,-12383.0,197944862.0,60887.0,10184.0,,,230157241.0,-7514689281.0,-29801757.0,385000000.0,1680805483.0,,5361.0,,-45923045.0,,,14877319.0,7454091011.0,0.0,,-214287944.0,,971312698.0,,250000000.0,12830713771.0,,-920669607.0,7454091011.0,7454091011.0,7454091011.0,23031.0,11417897895.0,,-45923045.0,50833065.0,30484.0,2667790.0,,202618.0,1804288.0,,26575.0,,10834953033.0,58996076.0,957412955.0,12881703968.0,-1129308174.0,139762575.0,989555783.0,130557.0,1213603455.0,1463806073.0,1741605847.0,7500014056.0,1695682802.0,11417897895.0,,,,,-208638567.0,18255468.0,,,,
2018-12-31,GUBRF.IS,779632415.0,-56546268.0,,368851076.0,136039636.0,-227795964.0,-37409562.0,318439525.0,271457806.0,-665635034.0,334000000.0,3279309282.0,43521271.0,70152958.0,,641614380.0,,,1279777386.0,140977347.0,5317680.0,20694884.0,-163565525.0,1122599475.0,,,58261655.0,25567222.0,386759325.0,536531003.0,-84235696.0,-84235696.0,135659667.0,830915814.0,708487362.0,,641614380.0,203188401.0,55968872.0,151934623.0,,492138365.0,138554221.0,114699123.0,1536317781.0,,402097998.0,499608785.0,198437226.0,4335267614.0,536531003.0,-355025967.0,-101606823.0,2427884451.0,2545722327.0,3097711168.0,3917472288.0,-500637033.0,4559086668.0,850797121.0,114699123.0,,56141423.0,121614875.0,,-43370162.0,35397720.0,,,
2019-12-31,GUBRF.IS,987839596.0,-94249646.0,,174457909.0,-184769802.0,133394116.0,-62010591.0,195857862.0,102538888.0,-184602923.0,334000000.0,3494521126.0,68585422.0,94543534.0,,298974409.0,,,849975243.0,-117323407.0,-18682401.0,22204900.0,-331481951.0,1260745328.0,,,102185456.0,41635392.0,286320656.0,-10158227.0,-149740564.0,-149740564.0,-98641006.0,693633996.0,445338665.0,,298974409.0,266222809.0,583842091.0,555832174.0,,133243293.0,14717131.0,-31769269.0,1070283898.0,,252357434.0,536283703.0,55885641.0,4285638863.0,-10158227.0,129980322.0,-156098943.0,2798247264.0,3194014185.0,3444730042.0,4045521960.0,-416297816.0,4344496369.0,554588165.0,-31769269.0,,-148492954.0,87044600.0,,-53068035.0,39543797.0,,,
2020-12-31,GUBRF.IS,1432271712.0,-126587600.0,,659990037.0,483050193.0,-306903651.0,-32345738.0,456357721.0,277360310.0,-102776994.0,334000000.0,4127022757.0,29360848.0,126339368.0,,529434875.0,,,1286689501.0,471209510.0,55141382.0,18711986.0,-163524933.0,1496289059.0,,,60745714.0,37327517.0,682000259.0,-38736861.0,262056082.0,262056082.0,416068128.0,858646459.0,1000969668.0,,529434875.0,208547892.0,66929206.0,164102322.0,,105717051.0,134154467.0,-174228482.0,1685905290.0,,920483108.0,623100159.0,25739366.0,5168902951.0,-38736861.0,680087098.0,-46140472.0,3157837294.0,3230345066.0,3406648066.0,4884277383.0,-58225365.0,5413712258.0,1080254626.0,-174228482.0,,-112159572.0,60572972.0,,91908251.0,19087380.0,,,
2021-12-31,GUBRF.IS,4703871505.0,-298503156.0,,1179720584.0,513983435.0,-1094552350.0,-3792741434.0,3994329739.0,338282040.0,-684284009.0,334000000.0,8184433439.0,,201604164.0,,1638315992.0,,,2584968074.0,608263683.0,138474285.0,82712134.0,-163483356.0,5525207004.0,,,,63643183.0,1309644390.0,823956464.0,523125635.0,523125635.0,469789398.0,2102197953.0,2516543246.0,,1638315992.0,442438659.0,177513069.0,1201409486.0,,414013691.0,382798252.0,886381492.0,3081727065.0,,1498232497.0,563853830.0,,13049609891.0,823956464.0,-514236215.0,-441543397.0,9259730241.0,8598983356.0,9021351512.0,9131085521.0,-1030052309.0,10769401513.0,2718613989.0,886381492.0,,645806583.0,119358609.0,,-181167485.0,191032590.0,,,
2018-12-31,SAHOL.IS,208730540000.0,-2131841000.0,22237000.0,18115398000.0,8678795000.0,,-562451000.0,462708000.0,-3346104000.0,-9102375000.0,2040404000.0,583293000.0,372640000.0,837400000.0,23000.0,0.0,,,16853289000.0,8898262000.0,1655834000.0,1259661000.0,,2961202000.0,4364268000.0,,42805422000.0,80872344000.0,27105829000.0,9903804000.0,3830335000.0,3830335000.0,7242428000.0,4723305000.0,27181091000.0,,8240002000.0,210484128000.0,32364527000.0,9301990000.0,,3163533000.0,723322000.0,2981144000.0,6626678000.0,,24436652000.0,7889965000.0,26164005000.0,371686271000.0,8222159000.0,-7880487000.0,3300578000.0,71594245000.0,269262914000.0,315290475000.0,9196580000.0,658260000.0,17436582000.0,29289967000.0,2790674000.0,-639523000.0,5036545000.0,849215000.0,-1042122000.0,490026000.0,539374000.0,,-108176000.0,
2019-12-31,SAHOL.IS,246430905000.0,-1900829000.0,22237000.0,18464344000.0,-129066000.0,,-568957000.0,832258000.0,3432210000.0,18345963000.0,2040404000.0,668611000.0,353154000.0,1403433000.0,-152000.0,0.0,,,17249569000.0,8544342000.0,1579222000.0,1873160000.0,,3144894000.0,-20700728000.0,,40007816000.0,103916841000.0,33219126000.0,-9007330000.0,3779736000.0,3779736000.0,6965120000.0,4386334000.0,29909820000.0,,7077651000.0,221156662000.0,31392679000.0,8276097000.0,,4904261000.0,1196817000.0,3842331000.0,9181340000.0,,27543815000.0,8975101000.0,16796131000.0,406347879000.0,-7949435000.0,27224643000.0,-22649732000.0,68744539000.0,293275119000.0,339870436000.0,10840529000.0,1466691000.0,17918180000.0,33258317000.0,3651861000.0,-660845000.0,3245458000.0,1475337000.0,1718740000.0,565570000.0,66120000.0,,-108176000.0,
2020-12-31,SAHOL.IS,294984727000.0,-1811791000.0,22237000.0,14996796000.0,-3040263000.0,,-650030000.0,1028016000.0,6368257000.0,-13070119000.0,2040404000.0,739650000.0,719275000.0,1642179000.0,-7109000.0,0.0,,,21037616000.0,11176901000.0,2270539000.0,2275280000.0,,3820102000.0,-17615885000.0,,47602863000.0,122846482000.0,38786395000.0,13310884000.0,4767573000.0,4767573000.0,8906362000.0,7150689000.0,34120529000.0,,9644270000.0,272082412000.0,47476282000.0,12645195000.0,,5886192000.0,1054728000.0,4411784000.0,9691198000.0,,31712544000.0,10338618000.0,25848599000.0,501258374000.0,12751508000.0,-931693000.0,-18376200000.0,92762312000.0,369386642000.0,424475480000.0,12132996000.0,1532631000.0,21777266000.0,37996499000.0,4221314000.0,-684346000.0,3516122000.0,1600690000.0,124970000.0,428922000.0,504895000.0,,-108176000.0,
2021-12-31,SAHOL.IS,458010473000.0,-2520221000.0,22237000.0,48927013000.0,36290613000.0,,-3739421000.0,3457571000.0,-3705536000.0,44955678000.0,2040404000.0,1006673000.0,660696000.0,2124470000.0,-7942000.0,0.0,,,35596041000.0,25853588000.0,5274478000.0,7957644000.0,,7600672000.0,-57093894000.0,,75615363000.0,196574783000.0,52187266000.0,41601038000.0,12032098000.0,12032098000.0,20579110000.0,9447465000.0,40936508000.0,,21707816000.0,389095250000.0,104667093000.0,31581602000.0,,15164869000.0,558394000.0,6709623000.0,12550196000.0,,42943298000.0,13329831000.0,41893582000.0,819763789000.0,40449544000.0,38077510000.0,-55445579000.0,211063152000.0,623534858000.0,716159607000.0,14894898000.0,4145772000.0,36602714000.0,51416916000.0,6410977000.0,-733591000.0,13209138000.0,2522764000.0,-309727000.0,-28380000.0,3212231000.0,642071000.0,-108176000.0,
2018-12-31,HEKTS.IS,64756312.0,-31637198.0,,13546863.0,6488070.0,-149704935.0,-142035433.0,-12752596.0,31892176.0,-24931350.0,75857033.0,273752146.0,1095062.0,5441651.0,,178872463.0,,,223319747.0,118233509.0,12040856.0,7488102.0,-56787232.0,268123522.0,,153970429.0,41430000.0,,,274354150.0,106192653.0,106192653.0,106192653.0,261955568.0,231723411.0,,178872463.0,3203288.0,47285792.0,9880683.0,,6474877.0,-1682149.0,-1954482.0,71264541.0,5480099.0,175630884.0,40649334.0,309132508.0,688904984.0,225399751.0,-185870457.0,-33041224.0,596627131.0,391466672.0,439371549.0,318199430.0,-60638954.0,497071893.0,249533435.0,-1954482.0,-41087345.0,,10321922.0,-48954399.0,32750268.0,,,,
2019-12-31,HEKTS.IS,81715747.0,-134805079.0,2256362.0,176954772.0,163394206.0,-170576534.0,10271187.0,18483384.0,48458533.0,40905622.0,227571100.0,419081256.0,1885612.0,13494619.0,,246144072.0,,,313596248.0,145386308.0,-184942.0,38035730.0,-97864178.0,258163550.0,,153970429.0,323442446.0,,,201369450.0,145571250.0,145571250.0,145571250.0,431839399.0,459012849.0,,246144072.0,5179175.0,65733269.0,7840104.0,,15392661.0,-4992077.0,-2571750.0,233876416.0,11511290.0,280114789.0,60932963.0,235883675.0,1225424778.0,216375500.0,106714663.0,-159695957.0,938011535.0,357794454.0,718054277.0,486533432.0,-100757764.0,732677504.0,507370501.0,-2571750.0,-41087345.0,,10321922.0,-97877034.0,32750268.0,,959431.0,,
2020-12-31,HEKTS.IS,160545605.0,-217075430.0,2256362.0,75600817.0,-101345597.0,-284324691.0,-155228428.0,127667271.0,60683367.0,-114414797.0,227571100.0,662405526.0,29946481.0,26284200.0,,233334692.0,,,351313603.0,150659765.0,-29838843.0,47610829.0,-88801505.0,417027122.0,,402947400.0,145563600.0,,,373399767.0,180498608.0,180498608.0,180498608.0,756248327.0,618503920.0,,233334692.0,40790845.0,221161572.0,87120999.0,,24315693.0,875663.0,88905737.0,452553381.0,18269154.0,453701242.0,98834094.0,878547327.0,2119555156.0,300425211.0,-157982936.0,-243787872.0,1472280409.0,1165357549.0,1347120715.0,780384437.0,-82674927.0,1013719129.0,772434441.0,88905737.0,-1143968.0,,106319692.0,-71830588.0,32750268.0,,5172906.0,,
2021-12-31,HEKTS.IS,245335418.0,-584744557.0,5203762.0,96691275.0,20725683.0,-911591213.0,-729854458.0,594861681.0,209670305.0,-1326158.0,860000000.0,1312393367.0,31248152.0,47225313.0,,508636740.0,,,708324969.0,334330223.0,8573207.0,91359080.0,-204454926.0,1146573859.0,,402947400.0,30245588.0,,,1079037793.0,325757016.0,325757016.0,325757016.0,1657751549.0,1214486437.0,,508636740.0,77454975.0,347138285.0,609488935.0,,40266572.0,-140351.0,-67911.0,1081739844.0,31274904.0,547029358.0,168553676.0,2195583914.0,4625815878.0,1227497532.0,-463582595.0,-743189254.0,3268942287.0,3112170260.0,3213650669.0,1512081596.0,-174306517.0,2020718336.0,1412165209.0,-67911.0,-896941.0,,106319692.0,-253590720.0,-20706311.0,,11265357.0,,
2018-12-31,INDES.IS,649678353.0,-24254409.0,156607.0,446036412.0,160586098.0,428174466.0,161800429.0,-612853172.0,81670093.0,-12801945.0,56000000.0,3717149973.0,21890267.0,3365704.0,,97950317.0,,,186252807.0,170552990.0,41587109.0,3420655.0,-65599492.0,267621577.0,-65105734.0,,3604399.0,3221926.0,41162511.0,123171229.0,121648391.0,121648391.0,128965881.0,704731267.0,371113448.0,,97950317.0,51577134.0,10319019.0,139822475.0,,5912263.0,244026.0,15414439.0,26976138.0,,306566561.0,88058464.0,27130066.0,1519318763.0,35266883.0,171003966.0,-45684751.0,1432225211.0,1092207788.0,1101724450.0,3805452463.0,72602673.0,3903402780.0,376431802.0,13708634.0,-62823613.0,,1897699.0,-25080733.0,,,,,
2019-12-31,INDES.IS,1211492119.0,-7075405.0,156607.0,280477178.0,-165938652.0,-672961276.0,-237648535.0,536082073.0,39312798.0,-8005508.0,56000000.0,5034895536.0,14188518.0,8836736.0,,160678305.0,,,267814071.0,147388393.0,32793306.0,3492327.0,-71430032.0,535194424.0,-65105734.0,,,2110197.0,128648181.0,161282573.0,92530623.0,92530623.0,114595087.0,1458845209.0,434269634.0,,160678305.0,47183300.0,41803596.0,131999003.0,,7270949.0,1202804.0,15232984.0,42081824.0,,369975874.0,105932962.0,5580603.0,2416738850.0,84927805.0,-241853089.0,-9013368.0,2319973503.0,1828692666.0,1848431009.0,5142031302.0,-13289912.0,5302709607.0,439659660.0,13527179.0,-41121910.0,,1897699.0,-35232858.0,,135519.0,,,
2020-12-31,INDES.IS,2292642395.0,-2320547.0,156607.0,1318962511.0,1038623404.0,-357693105.0,48438751.0,818888726.0,291633457.0,25133001.0,56000000.0,9869318232.0,24213640.0,15278274.0,,253766608.0,,,385701790.0,225119813.0,58617308.0,15706900.0,-67939143.0,509345531.0,-65105734.0,,,,110864433.0,211791423.0,143345753.0,143345753.0,166502505.0,2030517752.0,538461163.0,,253766608.0,74866370.0,62986752.0,195169175.0,,8780940.0,2764621.0,11284815.0,42093998.0,,490330145.0,129170561.0,,4061373142.0,156138021.0,985024857.0,-102539474.0,3926808175.0,3374864572.0,3394442947.0,10001253414.0,-28646795.0,10255020022.0,556065762.0,9579010.0,-22991482.0,,1897699.0,-32661920.0,,,,,
2021-12-31,INDES.IS,4253217565.0,-5176446.0,156607.0,2095002284.0,776018621.0,-1553231147.0,-482939521.0,1964727127.0,397190499.0,-224308.0,224000000.0,12525819774.0,3734975.0,17553134.0,,408031155.0,,,565757089.0,631964280.0,194945497.0,10770921.0,-120930499.0,983955474.0,,,,,144785978.0,205280647.0,403037567.0,403037567.0,437018783.0,3619145465.0,935497887.0,,408031155.0,59516491.0,132416926.0,433095291.0,,11962789.0,1042256.0,52218474.0,41255389.0,,676771043.0,156683678.0,,6952141726.0,40469315.0,746113351.0,-10564045.0,6838701226.0,5840451964.0,5859189241.0,12683545708.0,223933125.0,13091576863.0,948166507.0,47238857.0,-48596669.0,,1897699.0,-116214663.0,,,,,
2018-12-31,IPEKE.IS,75352000.0,-246999000.0,239000.0,2794533000.0,749146000.0,18659000.0,-105698000.0,24143000.0,744268000.0,-75497000.0,259786000.0,701178000.0,105691000.0,149560000.0,,747314000.0,,,969608000.0,1358590000.0,253658000.0,2483000.0,-2891000.0,336271000.0,-119955000.0,,,225919000.0,3362423000.0,,238152000.0,238152000.0,1104932000.0,129823000.0,921442000.0,,747314000.0,403156000.0,42568000.0,127140000.0,,138146000.0,21406000.0,-1837000.0,763203000.0,41788000.0,681510000.0,159100000.0,,4716616000.0,,993587000.0,-244441000.0,3306082000.0,276349000.0,414495000.0,923472000.0,611276000.0,1670786000.0,939698000.0,-1837000.0,,,15773000.0,,568381000.0,,,,
2019-12-31,IPEKE.IS,74386000.0,-147808000.0,239000.0,4627315000.0,1805530000.0,-2199000.0,-75966000.0,2303000.0,1017669000.0,-89074000.0,259786000.0,882273000.0,153970000.0,246376000.0,,1523140000.0,,,2045932000.0,2246190000.0,474755000.0,1531000.0,-11342000.0,413824000.0,-119955000.0,,,230492000.0,4953733000.0,,406558000.0,406558000.0,1771435000.0,81662000.0,1105569000.0,,1523140000.0,658132000.0,22222000.0,225296000.0,,187360000.0,203242000.0,2151000.0,653594000.0,140889000.0,860697000.0,178661000.0,,6706088000.0,,1505667000.0,299863000.0,5146566000.0,441577000.0,629482000.0,1405065000.0,723050000.0,2928205000.0,1122873000.0,2151000.0,,,15773000.0,,568381000.0,,,,
2020-12-31,IPEKE.IS,109823000.0,-302095000.0,239000.0,6190196000.0,1565532000.0,-4727000.0,-58322000.0,34696000.0,1139393000.0,-401815000.0,259786000.0,1273431000.0,144200000.0,271693000.0,,1639918000.0,,,2056159000.0,2259068000.0,565543000.0,1182000.0,-11342000.0,435548000.0,-2287000.0,,,218423000.0,6285010000.0,,362163000.0,362163000.0,1693525000.0,55078000.0,1466734000.0,,1639918000.0,670942000.0,323019000.0,189862000.0,,199888000.0,15207000.0,-3737000.0,723161000.0,131332000.0,1222860000.0,269702000.0,,8635803000.0,,1343081000.0,222451000.0,7010863000.0,670428000.0,871645000.0,1689672000.0,619150000.0,3329590000.0,1479148000.0,-3737000.0,,,11232000.0,,548108000.0,,,,
2021-12-31,IPEKE.IS,215803000.0,-615869000.0,239000.0,9179190000.0,2973143000.0,-16240000.0,-40934000.0,106791000.0,1522727000.0,-235916000.0,259786000.0,1641775000.0,219537000.0,379013000.0,,1775169000.0,,,2514457000.0,3951717000.0,1039913000.0,4046000.0,-11342000.0,464167000.0,18978000.0,,,218423000.0,8536253000.0,,660509000.0,660509000.0,2911804000.0,84833000.0,2124262000.0,,1775169000.0,827222000.0,26157000.0,523696000.0,,395288000.0,153933000.0,-3854000.0,1466546000.0,295682000.0,1883369000.0,289673000.0,,12285070000.0,,2375950000.0,597193000.0,9757601000.0,1193322000.0,1609277000.0,2381063000.0,2176548000.0,4156232000.0,2139540000.0,-3854000.0,,,11232000.0,,1200994000.0,,,,
2018-12-31,ISDMR.IS,1104607000.0,-173829000.0,,62468000.0,50573000.0,-311658000.0,-1118204000.0,491679000.0,-157401000.0,-277245000.0,2900000000.0,10709716000.0,,516361000.0,,4927998000.0,,,5172244000.0,5756252000.0,1647373000.0,232767000.0,-46222000.0,4087128000.0,-87334000.0,,299835000.0,145427000.0,,447936000.0,4108879000.0,4108879000.0,4108879000.0,6317383000.0,15495001000.0,,4927998000.0,108161000.0,70159000.0,502176000.0,,1812957000.0,-6270000.0,7870331000.0,9931925000.0,220000.0,4957437000.0,250296000.0,110494000.0,20981564000.0,-3012655000.0,3252411000.0,-323397000.0,10563284000.0,3141004000.0,5253796000.0,10953962000.0,828254000.0,15881960000.0,15727768000.0,7870331000.0,-2028914000.0,134214000.0,,-1431677000.0,-63985000.0,,,,
2019-12-31,ISDMR.IS,1195179000.0,-426006000.0,,58197000.0,-4271000.0,464244000.0,581749000.0,-52060000.0,-329835000.0,95241000.0,2900000000.0,13602013000.0,,652169000.0,,2565650000.0,,,2851419000.0,3055819000.0,900391000.0,251448000.0,-79357000.0,4023192000.0,,,226396000.0,200981000.0,,-197914000.0,2155428000.0,2155428000.0,2155428000.0,5651747000.0,15940279000.0,,2565650000.0,159873000.0,25677000.0,258583000.0,,2083180000.0,-16534000.0,9687862000.0,11231009000.0,251000.0,3603865000.0,302052000.0,168776000.0,21622201000.0,-3203408000.0,3566936000.0,-497945000.0,9778890000.0,2943097000.0,5430474000.0,13887782000.0,490169000.0,16453432000.0,16191727000.0,9687862000.0,-3507610000.0,130146000.0,,502116000.0,-71541000.0,,,,
2020-12-31,ISDMR.IS,1851288000.0,-1067415000.0,,38603000.0,-19594000.0,44073000.0,360952000.0,374373000.0,-28946000.0,85265000.0,2900000000.0,13716418000.0,,776490000.0,,2878645000.0,,,3207675000.0,3666715000.0,1243366000.0,303443000.0,-74294000.0,4590643000.0,,,785769000.0,230155000.0,,-1064748000.0,2423349000.0,2423349000.0,2423349000.0,8267820000.0,21677374000.0,,2878645000.0,631139000.0,3906000.0,545029000.0,,2561259000.0,5617000.0,9020171000.0,14229862000.0,241000.0,10060646000.0,323172000.0,129998000.0,28343423000.0,-3737415000.0,4035556000.0,-1314282000.0,12948824000.0,2814545000.0,6362606000.0,14045448000.0,788070000.0,16924093000.0,21980817000.0,9020171000.0,-521883000.0,996547000.0,,-2150784000.0,-415364000.0,,,,
2021-12-31,ISDMR.IS,3141247000.0,-2260981000.0,,8824568000.0,8740857000.0,-425822000.0,-5496972000.0,-226086000.0,-177156000.0,-33317000.0,2900000000.0,22780744000.0,,927662000.0,,13314382000.0,,,13718772000.0,10157036000.0,3688682000.0,549570000.0,-95487000.0,13919002000.0,,,2016952000.0,370653000.0,,1945614000.0,6468354000.0,6468354000.0,6468354000.0,2908191000.0,38607599000.0,,13314382000.0,886575000.0,81091000.0,2490183000.0,,5754327000.0,-12611000.0,23511937000.0,27950393000.0,452000.0,12745232000.0,416549000.0,741499000.0,55755271000.0,1498133000.0,1036663000.0,-2449549000.0,25998080000.0,8592839000.0,16598102000.0,23185134000.0,-3157346000.0,36499516000.0,39157169000.0,23511937000.0,-8058958000.0,8655610000.0,,7611477000.0,-201457000.0,,,,
2018-12-31,ISFIN.IS,34603000.0,-23767000.0,,272569000.0,24683000.0,,,0.0,-39364000.0,-952063000.0,695303000.0,22685000.0,27532000.0,1490000.0,,0.0,,,421427000.0,308928000.0,79387000.0,4272000.0,,,800000.0,,1880576000.0,41622000.0,65568000.0,833780000.0,197537000.0,197537000.0,229541000.0,8168777000.0,1080574000.0,,200016000.0,32874000.0,74925000.0,16184000.0,,105315000.0,172993000.0,18165000.0,13486000.0,,371544000.0,48418000.0,428938000.0,8681660000.0,833780000.0,-791148000.0,-21113000.0,8589240000.0,5545189000.0,7531080000.0,244096000.0,108912000.0,444112000.0,1085012000.0,18165000.0,,3164000.0,166000.0,,-3400000.0,,,,
2019-12-31,ISFIN.IS,122578000.0,-439000.0,,421728000.0,149170000.0,,,0.0,162973000.0,1783688000.0,695303000.0,24939000.0,33071000.0,4615000.0,,0.0,,,161801000.0,108544000.0,29334000.0,3799000.0,,,800000.0,,1375603000.0,86279000.0,65484000.0,-1883992000.0,84292000.0,84292000.0,79210000.0,8360669000.0,1204484000.0,,-66511000.0,191288000.0,9614000.0,21360000.0,,108622000.0,174972000.0,57310000.0,12417000.0,,455836000.0,53340000.0,267166000.0,9088299000.0,-1883992000.0,2036976000.0,-4481000.0,8794350000.0,6329957000.0,7814366000.0,253251000.0,175055000.0,186740000.0,1208449000.0,57310000.0,,667000.0,166000.0,,-3400000.0,,,,
2020-12-31,ISFIN.IS,262247000.0,-6455000.0,,382325000.0,-39402000.0,,,0.0,194398000.0,-1188182000.0,695303000.0,26740000.0,48677000.0,5569000.0,,0.0,,,227627000.0,272796000.0,63175000.0,4552000.0,,,800000.0,,1796518000.0,319297000.0,103839000.0,756908000.0,197586000.0,197586000.0,209621000.0,11750969000.0,1609141000.0,,164259000.0,59453000.0,216440000.0,19487000.0,,184336000.0,1841000.0,265134000.0,18126000.0,,653422000.0,61476000.0,343684000.0,12760612000.0,756908000.0,-788981000.0,-12879000.0,12359018000.0,9060057000.0,11042914000.0,90108000.0,108537000.0,254367000.0,1613859000.0,265134000.0,,5550000.0,166000.0,,-5349000.0,,,,
2021-12-31,ISFIN.IS,681681000.0,-9368000.0,,471502000.0,89175000.0,,,0.0,558794000.0,-1283237000.0,695303000.0,31572000.0,89070000.0,6906000.0,,0.0,,,240189000.0,484718000.0,146057000.0,6866000.0,,,7043000.0,,3330896000.0,404862000.0,140425000.0,497325000.0,310063000.0,310063000.0,338661000.0,18649322000.0,1991986000.0,,183835000.0,105210000.0,715710000.0,85306000.0,,338728000.0,-15083000.0,341524000.0,23277000.0,,962191000.0,70727000.0,611175000.0,20376915000.0,497325000.0,-405343000.0,-8587000.0,19836534000.0,14566274000.0,18237472000.0,87926000.0,300883000.0,271761000.0,1999018000.0,341524000.0,,5780000.0,166000.0,,-2387000.0,,,,
2018-12-31,ISGYO.IS,34899617.0,-574737.0,423981.0,54236749.0,-28958074.0,-88299942.0,411687392.0,-506087687.0,-111270143.0,126732478.0,958750000.0,819930250.0,,1217060.0,,173001280.0,,,279713266.0,341610873.0,0.0,1015609.0,-109784522.0,516387334.0,-42500000.0,,572183948.0,3088133.0,,38318703.0,341610873.0,341610873.0,341610873.0,108160399.0,3555923746.0,,173001280.0,4431670544.0,14423284.0,313626447.0,,1627689.0,15930297.0,270815302.0,33814159.0,,2326950072.0,90781689.0,742664172.0,5222332924.0,-199916752.0,176127127.0,-5640120.0,752744479.0,1091581932.0,1665393569.0,926642236.0,168609593.0,1099643516.0,3556939355.0,270815302.0,-68531250.0,471671.0,,-169704205.0,500000.0,,,,
2019-12-31,ISGYO.IS,216936301.0,-95764.0,423981.0,388415387.0,333501296.0,-2923858.0,20706304.0,-106281982.0,-103541497.0,37509511.0,958750000.0,944997060.0,,1346709.0,,209969373.0,,,263165584.0,297389779.0,0.0,931084.0,-202628396.0,502965011.0,-42500000.0,,621751194.0,224990368.0,,97845802.0,297389779.0,297389779.0,297389779.0,122215791.0,3859295994.0,,209969373.0,4202191217.0,20354006.0,198215870.0,,2013706.0,9850757.0,276713246.0,38460738.0,,2624339851.0,43345454.0,352420787.0,5716356886.0,-109031203.0,144869306.0,297085024.0,1249783479.0,1232364908.0,1856129808.0,998193271.0,87420406.0,1208162644.0,3860227078.0,276713246.0,,578169.0,,-206877005.0,500000.0,,,,
2020-12-31,ISGYO.IS,8026862.0,-322173.0,423981.0,59156089.0,-328052367.0,10075714.0,253776783.0,-165050522.0,-111969007.0,17283304.0,958750000.0,337234515.0,,1530684.0,,168353339.0,,,217488237.0,266502003.0,0.0,939699.0,-137627230.0,234619247.0,-2799999.0,,129538235.0,234857254.0,,-466034230.0,266502003.0,266502003.0,266502003.0,132018476.0,4130014107.0,,168353339.0,4483303837.0,5498715.0,70612053.0,,2360623.0,9236366.0,280937971.0,41395040.0,,2890841854.0,39898532.0,437419301.0,5225405467.0,-591673882.0,272925434.0,-17788011.0,464909637.0,962552803.0,1094451661.0,386369413.0,98148664.0,554722752.0,4130953806.0,280937971.0,,8484092.0,,-125639652.0,500000.0,,,,
2021-12-31,ISGYO.IS,10549324.0,-1029066.0,423981.0,138562954.0,79081628.0,24943331.0,77884013.0,79377217.0,-1124712602.0,-61061038.0,958750000.0,156542780.0,,1880392.0,,279524592.0,,,334017329.0,1329919890.0,0.0,1249812.0,-154462018.0,139873007.0,-2220798.0,,197107317.0,278553899.0,,18699195.0,1329919890.0,1329919890.0,1329919890.0,114653252.0,5474413067.0,,279524592.0,5848763479.0,71122876.0,143224355.0,,3152889.0,9209330.0,295727154.0,55492519.0,,4220761744.0,45283407.0,5645663.0,6676321298.0,-82452085.0,328827937.0,-186591385.0,492261589.0,1000398213.0,1200658419.0,211035517.0,1050395298.0,490560109.0,5475662879.0,295727154.0,,19297161.0,,-101151280.0,500000.0,,,,
2018-12-31,ISMEN.IS,1586588130.0,-6922825.0,1324230.0,3260526205.0,-615364317.0,817139052.0,-3198813.0,-623941424.0,-14857030.0,-64666507.0,355000000.0,44412494178.0,12336016.0,14231495.0,,0.0,,,672227552.0,298456989.0,64171710.0,16497893.0,,64897927.0,-54582119.0,,127152887.0,71845235.0,279807431.0,-781816783.0,221701017.0,221701017.0,234285279.0,1694875876.0,750193242.0,,304499759.0,13668568.0,453972411.0,20919525.0,,25078147.0,18326362.0,35613750.0,35168889.0,,413347002.0,345251016.0,23170439.0,6370682596.0,-908214072.0,349652551.0,-59634331.0,6194908164.0,5132642873.0,5285590183.0,44780221971.0,-6042770.0,45084721730.0,805284982.0,35613750.0,-110000000.0,2831535.0,38593847.0,-16397289.0,2547057.0,,,,
2019-12-31,ISMEN.IS,3034398259.0,-13815991.0,1317449.0,1560252886.0,-1694447446.0,-1456681529.0,-731498.0,1447810129.0,21809440.0,57550202.0,355000000.0,245505222484.0,22893862.0,32068062.0,,0.0,,,952447283.0,531397463.0,110422024.0,19651730.0,,65629425.0,-40084.0,,27822410.0,291350246.0,286142460.0,-1445607767.0,382874162.0,382874162.0,420975439.0,3140449924.0,1048747376.0,,514058856.0,25830515.0,930392083.0,79605285.0,,24089608.0,47650108.0,69095306.0,84470863.0,,681580198.0,387214086.0,23730240.0,6717106052.0,-2162957694.0,489998652.0,-20519898.0,6257208851.0,5233251104.0,5323970639.0,245943610911.0,17338607.0,246457669767.0,1106992953.0,69095306.0,-90000000.0,-968506.0,38593847.0,-627349927.0,1409327.0,,,,
2020-12-31,ISMEN.IS,5032047665.0,-13334709.0,1303326.0,500747020.0,-1058844278.0,-2430973347.0,-1445634.0,1997649406.0,144679601.0,-1288113203.0,355000000.0,107714224569.0,13760181.0,31225209.0,,0.0,,,1818350426.0,1246012171.0,268706987.0,19151454.0,,67075059.0,-2278359.0,,17729139.0,76470784.0,275156803.0,-882247387.0,941974320.0,941974320.0,977305184.0,5577243344.0,1851513031.0,,1217640225.0,15622042.0,439746327.0,177853582.0,,57787347.0,116417385.0,134016992.0,68395989.0,,1418938014.0,474810464.0,7886159.0,8775444410.0,-451164379.0,-597814437.0,-14798232.0,8557210294.0,6479655722.0,6591029275.0,108314934770.0,28371946.0,109532574995.0,1909258332.0,134016992.0,-140000000.0,4932770.0,38593847.0,571083008.0,3383227.0,,,,
2021-12-31,ISMEN.IS,5841748222.0,-15788575.0,246823.0,1552493809.0,1051496982.0,-2854712359.0,6629934.0,809700557.0,109697984.0,-1297407902.0,355000000.0,140189864090.0,17968018.0,38790879.0,,0.0,,,2270048308.0,1560776092.0,327299588.0,22746180.0,,60445125.0,,,15420254.0,105181566.0,310197333.0,3622792194.0,1170903975.0,1170903975.0,1233476504.0,8443383602.0,2700578176.0,,1484222140.0,18533533.0,890877590.0,120090753.0,,117464645.0,171475115.0,274848069.0,85012444.0,,2131823311.0,610794580.0,16177309.0,14213244141.0,3055695279.0,-2007659700.0,-22299176.0,13943176571.0,10963103341.0,11141128605.0,140975690258.0,76553952.0,142459912398.0,2761918203.0,274848069.0,-355000000.0,25760579.0,38593847.0,-212096915.0,4575392.0,,,,
2018-12-31,IZMDC.IS,943365960.0,-30642491.0,,116080037.0,-64100808.0,-11487521.0,-289189414.0,50490699.0,359235045.0,-115563876.0,375000000.0,4368349282.0,236358982.0,105723843.0,,257614265.0,,,297672945.0,-471133069.0,-109095687.0,800399.0,-154526116.0,847537909.0,,1127884035.0,606119033.0,930073.0,15414670.0,456199292.0,-341759225.0,-341759225.0,-362037382.0,342481728.0,300461875.0,,257614265.0,382187712.0,11325458.0,29596176.0,,205160108.0,-17741788.0,668441390.0,1686226510.0,,-742179116.0,59125805.0,181843935.0,3395540806.0,256950676.0,-242550449.0,-78501035.0,1325396112.0,2267584721.0,3078863862.0,4408407962.0,-728747334.0,4666022227.0,301262274.0,668441390.0,,,,-199248616.0,-47823956.0,,,,
2019-12-31,IZMDC.IS,83215698.0,-137725910.0,,341578706.0,225498669.0,89636065.0,105886941.0,39999859.0,301344894.0,63083670.0,375000000.0,4102793908.0,49185497.0,124642838.0,,-69185480.0,,,12557970.0,-606817335.0,-78006916.0,489812.0,-155379432.0,797689792.0,,1127884035.0,525356832.0,930073.0,23912295.0,388525006.0,-523264149.0,-523264149.0,-528810419.0,222683607.0,302686497.0,,-69185480.0,147745061.0,42374656.0,89357593.0,,73678400.0,23934865.0,1136890647.0,2376591474.0,,-1208714338.0,57808585.0,209137945.0,3941791317.0,175799824.0,201330118.0,-151631273.0,1416034897.0,3004640062.0,3614702713.0,4184537358.0,-537631855.0,4115351878.0,303176309.0,1136890647.0,,,,-212725182.0,-85942747.0,,,,
2020-12-31,IZMDC.IS,100378288.0,-113943977.0,,255835616.0,-85743090.0,34797806.0,-129874105.0,17812682.0,321224209.0,569907357.0,375000000.0,4881840255.0,73914362.0,160950714.0,,271855369.0,,,330012991.0,-509952043.0,-47428381.0,357402.0,-185339444.0,935300544.0,,1127884035.0,681341638.0,937679.0,33110790.0,-283529428.0,-455718721.0,-455718721.0,-462523662.0,150129429.0,408749027.0,,271855369.0,164480452.0,63387590.0,616659955.0,,204751499.0,-11527659.0,1630585801.0,3047054489.0,,-1596479372.0,69685281.0,305513113.0,4622121300.0,-457577065.0,519099942.0,-147265967.0,1409291278.0,3278780228.0,4179904081.0,4939997877.0,-781807412.0,5211853246.0,409106429.0,1630585801.0,,,,-174047637.0,-58195999.0,,,,
2021-12-31,IZMDC.IS,136581903.0,-102185321.0,2884035.0,2038466872.0,1782631256.0,-132624179.0,-869623529.0,35152998.0,1999503723.0,-21541169.0,1500000000.0,9694922205.0,120397553.0,200252298.0,,1033135658.0,,,1128257646.0,-857531770.0,-75018766.0,364210.0,-189685740.0,1812214071.0,,1127884035.0,462905529.0,1023056.0,22186356.0,628178502.0,-766100133.0,-766100133.0,-782513004.0,364712342.0,777917545.0,,1033135658.0,448500425.0,92127135.0,577665514.0,,163235207.0,-7012645.0,1544002776.0,2983708555.0,,-2268605056.0,102134633.0,1094465732.0,7751117795.0,1634697382.0,445020009.0,-297086135.0,4317521549.0,6287039528.0,6950649684.0,9790044193.0,-1890667428.0,10823179851.0,778281755.0,1544002776.0,,,,-121365155.0,-192314601.0,,,,
2018-12-31,KRDMD.IS,1367331318.0,-359590723.0,11803953.0,272693924.0,-716460933.0,-48561125.0,-877421856.0,-763844816.0,887830605.0,68456895.0,1140000000.0,3876455589.0,988090.0,143533792.0,,1541599669.0,,,1706344997.0,1066037408.0,251778250.0,29563994.0,-114157343.0,1645139492.0,-250000.0,,1491948530.0,23617715.0,26.0,-487329230.0,814484550.0,814484550.0,814259158.0,864379639.0,4052140066.0,,1541599669.0,56126908.0,116815811.0,165777564.0,,547655825.0,60291032.0,1573782741.0,5204246496.0,,1361529071.0,104454296.0,473137547.0,8232767219.0,-602684181.0,227048129.0,-340824881.0,2913800401.0,2105625393.0,4145651428.0,4041200917.0,-475562261.0,5582800586.0,4087115765.0,1573782741.0,-270488797.0,,5411705.0,-112975526.0,19681818.0,10367460.0,,-2379425.0,
2019-12-31,KRDMD.IS,2259398988.0,-548811597.0,11803953.0,214925986.0,-57767938.0,-167428991.0,-99233925.0,1185275394.0,193569885.0,-166001521.0,1140000000.0,5532212262.0,,197835075.0,,356395618.0,,,544143718.0,-34997998.0,-115643067.0,26630946.0,-110936138.0,1746028472.0,-375000.0,,1526920933.0,22687901.0,-207.0,-248681806.0,80645302.0,80645302.0,80645069.0,1078941590.0,3848840271.0,,356395618.0,31026186.0,246134418.0,409109945.0,,462925058.0,70755177.0,1515028872.0,5608172936.0,,1214050097.0,116992923.0,415690884.0,9026078824.0,-739704310.0,1227016748.0,-545080376.0,3332149150.0,3153937096.0,5145196109.0,5719960362.0,-391393616.0,6076355980.0,3880882922.0,1515028872.0,-270488797.0,,5411705.0,-220533707.0,1971273.0,39349751.0,,,
2020-12-31,KRDMD.IS,2518507322.0,-338621053.0,11803953.0,1440224611.0,1225298625.0,-338463294.0,-66457996.0,1312874331.0,479628216.0,18109240.0,1140000000.0,6380019320.0,,221344064.0,,920860057.0,,,1139521088.0,76957177.0,16305407.0,11183732.0,-132012121.0,1819974579.0,-375000.0,,1532637212.0,25550852.0,-256.0,-222389490.0,60651819.0,60651819.0,60651770.0,1300585624.0,3886498700.0,,920860057.0,24862368.0,362166309.0,1493702529.0,,564848710.0,78768088.0,1438029422.0,5820876146.0,,1313260762.0,139892943.0,444620759.0,10819528539.0,-173306277.0,1690960921.0,-292356019.0,4931643736.0,4818318091.0,6916434658.0,6598680351.0,-843902880.0,7519540408.0,3903094137.0,1438029422.0,,,5411705.0,49083213.0,48704545.0,2912.0,15051559.0,,
2021-12-31,KRDMD.IS,6081804826.0,-291110591.0,11803953.0,5356754067.0,3916529456.0,-425490504.0,-1362286965.0,4238699727.0,239419283.0,-1711710066.0,1140000000.0,9993892145.0,,242408337.0,,4511899721.0,,,4770899000.0,4467032440.0,614325221.0,15598445.0,-293190430.0,3196541381.0,,,1571575760.0,26431611.0,-275.0,-734566937.0,3852707238.0,3852707238.0,3852707219.0,1793567188.0,9945970500.0,,4511899721.0,37511466.0,1950538418.0,2385293829.0,,688183250.0,90937316.0,3605449012.0,9397755225.0,,5204315980.0,168061963.0,981103929.0,21814969525.0,-1004976638.0,5076681149.0,-155175055.0,12337672778.0,9590469397.0,11853400855.0,10252891424.0,-44867281.0,14764791145.0,9961568945.0,3605449012.0,,,,-270409701.0,139227395.0,32088.0,14375084.0,,
2018-12-31,KARSN.IS,247328856.0,-43593507.0,6165231.0,82769148.0,66527438.0,-69604954.0,-75769116.0,57279096.0,160417295.0,-54315236.0,600000000.0,1250382815.0,100075978.0,22821148.0,,331481506.0,,,432811111.0,-37102957.0,-13715287.0,5625494.0,-277686302.0,201576849.0,-27071701.0,300613000.0,687128708.0,98904827.0,-5629000.0,177695861.0,-23387670.0,-23387670.0,-23387670.0,564965942.0,321938377.0,,331481506.0,658242546.0,181621189.0,100131928.0,,65115330.0,-12459685.0,195036501.0,561416085.0,9284865.0,-473637861.0,104504425.0,501725031.0,2359885033.0,86752842.0,47702860.0,-68417145.0,1035696081.0,1242154323.0,2032321162.0,1351712420.0,-368584463.0,1683193926.0,327563871.0,195036501.0,,488881.0,,-90943019.0,2924399.0,,189981622.0,,
2019-12-31,KARSN.IS,229840000.0,-32656000.0,6779000.0,47239000.0,-35530000.0,-244387000.0,75153000.0,-60686000.0,188056000.0,-56194000.0,900000000.0,1416645000.0,90974000.0,24075000.0,,332561000.0,,,465483000.0,24726000.0,4421000.0,2726000.0,-306510000.0,133301000.0,-47714000.0,300613000.0,434891000.0,107817000.0,-5629000.0,-212154000.0,18025000.0,18025000.0,20305000.0,920422000.0,613001000.0,,332561000.0,603303000.0,193481000.0,76218000.0,,49764000.0,3441000.0,132484000.0,468292000.0,9519000.0,-412891000.0,119962000.0,145984000.0,2493151000.0,-70431000.0,-19219000.0,55394000.0,1300368000.0,1376053000.0,1872408000.0,1549567000.0,-307835000.0,1882128000.0,626372000.0,132484000.0,,-1274000.0,10645000.0,-158890000.0,2604000.0,,222085000.0,,
2020-12-31,KARSN.IS,307640000.0,-30559000.0,6779000.0,69837000.0,22598000.0,-224829000.0,-47796000.0,77795000.0,421861000.0,120512000.0,900000000.0,1141915000.0,53302000.0,23601000.0,,307232000.0,,,474038000.0,56582000.0,35862000.0,4663000.0,-112671000.0,191306000.0,-125000.0,,805070000.0,120690000.0,-5230000.0,-199822000.0,20321000.0,20321000.0,20720000.0,1112083000.0,718088000.0,,307232000.0,492592000.0,166876000.0,59390000.0,,63123000.0,8141000.0,219207000.0,543240000.0,10258000.0,-392590000.0,148407000.0,272311000.0,2716947000.0,-361809000.0,434402000.0,-40635000.0,1545117000.0,1104709000.0,1988781000.0,1308721000.0,-250650000.0,1615953000.0,733396000.0,219207000.0,,-9360000.0,10645000.0,-161987000.0,1413000.0,,281882000.0,,
2021-12-31,KARSN.IS,479224000.0,-143897000.0,6779000.0,103061000.0,33224000.0,-327190000.0,-138338000.0,171584000.0,632338000.0,-205708000.0,900000000.0,1526105000.0,97334000.0,30624000.0,,351778000.0,,,574135000.0,53567000.0,-54711000.0,84179000.0,-161380000.0,328797000.0,,,502567000.0,145056000.0,4155000.0,65433000.0,98893000.0,98893000.0,108278000.0,1063613000.0,894914000.0,,351778000.0,787236000.0,422310000.0,126454000.0,,82966000.0,-27369000.0,376656000.0,784823000.0,5798000.0,-293697000.0,243928000.0,465239000.0,3737266000.0,-128143000.0,305537000.0,-146110000.0,1925327000.0,2137461000.0,2743373000.0,1748462000.0,-298211000.0,2100240000.0,989738000.0,376656000.0,,1940000.0,10645000.0,-193576000.0,8986000.0,,262887000.0,,
2018-12-31,KERVT.IS,367243622.0,-36334428.0,702050.0,19448273.0,-419908105.0,59319137.0,-27529451.0,-17896349.0,287526676.0,7814100.0,662000000.0,1862860286.0,59951124.0,43363915.0,,279965147.0,,,559174796.0,-42011952.0,-8520795.0,1706147.0,-141876391.0,378061794.0,1373593.0,,,1420594.0,181390258.0,-453079125.0,-34570109.0,-34570109.0,-33491157.0,1367713576.0,598885040.0,,279965147.0,304577496.0,24925642.0,18955070.0,,1459677628.0,18783983.0,-497597001.0,874144623.0,3137542.0,435486138.0,257288124.0,,2977372386.0,-812150981.0,319367934.0,74975107.0,1795523526.0,735713313.0,2195390941.0,2142069935.0,-321977099.0,2422035082.0,600591187.0,-497597001.0,,-2100165.0,,-359071856.0,79533082.0,,9461177.0,,
2019-12-31,KERVT.IS,346440949.0,-13873905.0,702050.0,13208215.0,-6240058.0,59778922.0,-54451300.0,17526707.0,116324510.0,35968286.0,662000000.0,1883846373.0,54978956.0,47807316.0,,313827421.0,,,609019386.0,205516975.0,46593957.0,895408.0,-142925349.0,422680746.0,1373593.0,,1031988897.0,1394933.0,210178283.0,-262857352.0,137831653.0,137831653.0,158923018.0,1085126214.0,755306178.0,,313827421.0,298507477.0,6525797.0,27598421.0,,81505419.0,14655558.0,415899260.0,869396377.0,3930240.0,-322399724.0,276606167.0,,2703315005.0,-466744735.0,362667852.0,106035135.0,1533120810.0,620562397.0,1736935136.0,2179038338.0,-108310446.0,2492865759.0,756201586.0,415899260.0,,-8198310.0,,-203887383.0,110104833.0,,14150379.0,,
2020-12-31,KERVT.IS,560046095.0,-49438893.0,702050.0,57508936.0,44300721.0,-171842059.0,-195590026.0,213605146.0,-131874370.0,4717706.0,662000000.0,2312759572.0,31169987.0,49303696.0,,422194321.0,,,742948661.0,569864161.0,124688729.0,1860677.0,-94045945.0,618033940.0,1373593.0,,866046711.0,1394933.0,241380170.0,234232775.0,415726204.0,415726204.0,445175432.0,1649521931.0,1204394190.0,,422194321.0,253433723.0,14738995.0,78505569.0,,103412834.0,-7449299.0,446958954.0,935304693.0,4160364.0,96593863.0,324043275.0,,3540196211.0,-238695557.0,187145617.0,106630143.0,2348202185.0,1093409010.0,2092561174.0,2633513912.0,147669840.0,3055708233.0,1206254867.0,446958954.0,,-10779482.0,,-472928332.0,102317099.0,,18362102.0,,
2021-12-31,KERVT.IS,1037945331.0,-41864369.0,702050.0,64962641.0,7453705.0,-409911469.0,-245491129.0,477899236.0,286223836.0,-29193173.0,662000000.0,3891551814.0,69287356.0,54345520.0,,536510825.0,,,973778357.0,894753.0,25405015.0,4069623.0,-147554778.0,875125127.0,1373593.0,,551261040.0,21340.0,297968934.0,521074966.0,-39945063.0,-39945063.0,-24510262.0,2274041854.0,1279897095.0,,536510825.0,330980281.0,49302548.0,54332006.0,,86061398.0,-1720156.0,563328640.0,1114776664.0,5647807.0,57936028.0,433339881.0,,4722047373.0,-190084112.0,98492541.0,150455781.0,3272199465.0,2455866002.0,3140111721.0,4328819346.0,-535616072.0,4865330171.0,1283966718.0,563328640.0,,-51410505.0,,-711159078.0,195716348.0,,23452281.0,,
2018-12-31,KRVGD.IS,98780870.0,-25630271.0,,4691764.0,605089.0,-64902729.0,-19142794.0,27933242.0,77898179.0,-29225145.0,40000000.0,381678592.0,,8328170.0,,80947983.0,,,152538306.0,34373216.0,6549649.0,4259261.0,-62911443.0,86807075.0,-1600000.0,330398784.0,81681728.0,239619.0,3893842.0,9620904.0,28004160.0,28004160.0,27823567.0,169370126.0,121544229.0,,80947983.0,12891331.0,36442147.0,12036869.0,,4953698.0,890284.0,81795016.0,150399262.0,1120883.0,11004836.0,69579156.0,50967441.0,475812969.0,-785810.0,28893083.0,-30661115.0,301027134.0,252483849.0,339119275.0,453268915.0,-46574767.0,534216898.0,132799852.0,81795016.0,-1100902.0,3158931.0,6996362.0,-9305812.0,-1080384.0,,,,
2019-12-31,KRVGD.IS,108697484.0,-51694529.0,,6676793.0,3210487.0,-28709896.0,-57003238.0,11059713.0,35916564.0,-237744.0,80000000.0,477796912.0,,13350917.0,,110877136.0,,,209565167.0,86846001.0,10887236.0,3920126.0,-40298021.0,143735449.0,-3500000.0,330398784.0,77285890.0,8918234.0,5218055.0,23651767.0,75038736.0,75038736.0,75958765.0,195873800.0,267433986.0,,110877136.0,12256697.0,41400646.0,10329150.0,,14543949.0,245279.0,152357791.0,277520506.0,2025524.0,45992683.0,96417228.0,78736405.0,697732533.0,7864384.0,49415052.0,-54449269.0,388120608.0,318945098.0,414164004.0,576484943.0,-24031135.0,687362079.0,278350474.0,152357791.0,-6106618.0,380320.0,6996362.0,-9680765.0,-1080384.0,,,,
2020-12-31,KRVGD.IS,152403690.0,-102659984.0,292898784.0,231838486.0,226658998.0,-122667109.0,-75422885.0,46279808.0,97213111.0,-30486088.0,187500000.0,666407632.0,15292100.0,25018688.0,,192221391.0,,,345536625.0,129181259.0,5811284.0,5336330.0,-17277742.0,218764383.0,-1737053.0,330398784.0,91414749.0,12131743.0,8592036.0,-39837856.0,122140796.0,122140796.0,123369975.0,319073025.0,809274412.0,,192221391.0,48466437.0,60705384.0,20315391.0,,54589199.0,9793412.0,252934079.0,476876597.0,3329361.0,98133479.0,140192461.0,116616091.0,1392318078.0,276301542.0,62076321.0,-117659471.0,832651371.0,404289030.0,552259700.0,819722866.0,-63040132.0,1011944257.0,831466342.0,252934079.0,-24993750.0,5940606.0,16855600.0,-14259386.0,-1080384.0,,,,
2021-12-31,KRVGD.IS,523970069.0,-167732885.0,292898784.0,259931734.0,28093248.0,-281017719.0,-397183601.0,397039002.0,-164309077.0,-211828088.0,240000000.0,1311950312.0,42890721.0,72862337.0,,119097568.0,,,535770676.0,109180610.0,-32228519.0,158092504.0,-17256472.0,610340291.0,1040721.0,,142182568.0,814361.0,60637501.0,667848890.0,161812082.0,161812082.0,141409129.0,624507153.0,1001883217.0,,119097568.0,153674258.0,202861992.0,43759153.0,,92902955.0,83186632.0,458206797.0,895173575.0,5908574.0,196805247.0,327577902.0,223443379.0,2927960113.0,615360422.0,-422625064.0,-351951034.0,1702508554.0,1436650921.0,1689650030.0,1728623420.0,-9916958.0,1847720988.0,1177672582.0,447968551.0,-24993750.0,187308924.0,17696861.0,-27494718.0,,,,,
2018-12-31,KCHOL.IS,15597256000.0,-5870888000.0,9286000.0,24577490000.0,3554486000.0,-2141198000.0,-3267086000.0,382011000.0,5113276000.0,-907273000.0,2535898000.0,120809518000.0,4407803000.0,2113296000.0,,12110505000.0,,,22438790000.0,8690771000.0,265678000.0,2685873000.0,-3688727000.0,14248311000.0,-1573509000.0,,34797492000.0,18327266000.0,13674148000.0,2664140000.0,5537028000.0,5537028000.0,8425093000.0,22587277000.0,27353960000.0,,12110505000.0,9855752000.0,2782783000.0,4476661000.0,,2916921000.0,-684029000.0,461872000.0,26396819000.0,281234000.0,30277206000.0,10731080000.0,7853795000.0,125275881000.0,-2219270000.0,6830054000.0,-6524418000.0,64765742000.0,40578455000.0,78317471000.0,131137803000.0,-3419734000.0,143248308000.0,33284262000.0,461872000.0,-1029094000.0,5468120000.0,3244429000.0,-3854316000.0,511275000.0,54364000.0,934863000.0,-19066000.0,
2019-12-31,KCHOL.IS,26727432000.0,-5765261000.0,9286000.0,37816360000.0,12748400000.0,-1723612000.0,-2753069000.0,11058218000.0,3807663000.0,1472372000.0,2535898000.0,131931248000.0,5483674000.0,2765255000.0,,8046995000.0,,,21584759000.0,5547223000.0,-374061000.0,2809246000.0,-5644034000.0,17430843000.0,-1302672000.0,,38339229000.0,21535594000.0,13369975000.0,4309339000.0,4391159000.0,4391159000.0,5921284000.0,23434476000.0,29927565000.0,,8046995000.0,11070832000.0,2946626000.0,5220312000.0,,3240408000.0,-115899000.0,264429000.0,30153905000.0,344697000.0,33472447000.0,13308966000.0,7590842000.0,151343588000.0,-3016730000.0,19017986000.0,-5955333000.0,82228762000.0,59026121000.0,101691553000.0,145469012000.0,-2499772000.0,153516007000.0,36282060000.0,264429000.0,-1183094000.0,2702477000.0,3545249000.0,-6142975000.0,511275000.0,,1304176000.0,-19066000.0,
2020-12-31,KCHOL.IS,29039594000.0,-8026864000.0,9286000.0,60360801000.0,48643664000.0,-1450600000.0,-1233370000.0,2312162000.0,1819507000.0,5425987000.0,2535898000.0,139446382000.0,9812215000.0,4063559000.0,,13948450000.0,,,44330894000.0,13839802000.0,1206505000.0,7191590000.0,-4851363000.0,19284888000.0,-18585260000.0,,108217923000.0,81538852000.0,41728913000.0,-5319268000.0,9272570000.0,9272570000.0,12633297000.0,206812205000.0,35425026000.0,,13948450000.0,157549288000.0,46044324000.0,306675360000.0,,17246164000.0,7381087000.0,1855807000.0,38520817000.0,454419000.0,41941148000.0,22546938000.0,47623258000.0,630100544000.0,-10849553000.0,20209815000.0,12836803000.0,341574474000.0,414492964000.0,542029492000.0,169828826000.0,-108648000.0,183777276000.0,46342139000.0,1855807000.0,-670701000.0,26446599000.0,3725523000.0,-4859584000.0,511275000.0,5449881000.0,2014902000.0,-19066000.0,
2021-12-31,KCHOL.IS,71588038000.0,-12528070000.0,9286000.0,93849314000.0,60119383000.0,-25451320000.0,-26831232000.0,39361383000.0,26395044000.0,16712048000.0,2535898000.0,266624833000.0,13056562000.0,5285513000.0,,39698354000.0,,,80063869000.0,29128716000.0,2943944000.0,10183257000.0,-6621071000.0,47665266000.0,-40922796000.0,,160129762000.0,130290223000.0,57463958000.0,21342788000.0,15192711000.0,15192711000.0,26184772000.0,339085510000.0,47876336000.0,,39698354000.0,217356037000.0,107968165000.0,503685346000.0,,26992203000.0,7205038000.0,5982081000.0,51167683000.0,630986000.0,55132905000.0,32529491000.0,61150632000.0,1020553307000.0,10201878000.0,50664147000.0,-53600409000.0,605974596000.0,709676931000.0,899448245000.0,306990348000.0,-10569638000.0,346688702000.0,63641104000.0,5963015000.0,-1769874000.0,52853767000.0,5581511000.0,-9351970000.0,11074000.0,13680458000.0,2677762000.0,-19066000.0,
2018-12-31,KORDS.IS,572368514.0,-231707576.0,62052856.0,130801662.0,115239780.0,-276692824.0,-395207234.0,218700057.0,415230780.0,-27929494.0,194529076.0,3153040828.0,72659987.0,132813597.0,22778.0,471861675.0,,,793683360.0,411787344.0,73265477.0,289820894.0,-72295456.0,1047581862.0,-52497077.0,,524785306.0,528396.0,504019429.0,666448953.0,292457708.0,292457708.0,338521867.0,887605732.0,1373161255.0,,471861675.0,279838175.0,64092693.0,29554442.0,,282791957.0,10028532.0,612524585.0,1939572181.0,8539264.0,965788022.0,303253889.0,41932689.0,4830186517.0,477031730.0,340842897.0,-702634847.0,2148514481.0,1683695286.0,2491272549.0,3474862513.0,-60074331.0,3946724188.0,1834894539.0,612524585.0,-66884932.0,35009753.0,171912390.0,-122532291.0,3622252.0,86617.0,3122402.0,,
2019-12-31,KORDS.IS,620387291.0,-187400422.0,62052856.0,729636576.0,598834914.0,-105515255.0,-169532862.0,32160082.0,478757804.0,-12802745.0,194529076.0,4150352186.0,44284637.0,193244529.0,-152057.0,530837115.0,,,987009208.0,464341131.0,85701146.0,731048256.0,-122747643.0,1231050823.0,-52497077.0,,1232858578.0,585981.0,572642516.0,1264743224.0,339755071.0,339755071.0,378639985.0,994996624.0,717833224.0,,530837115.0,307605637.0,85165370.0,85750473.0,,433510636.0,10326801.0,752876243.0,2258099467.0,10914880.0,1237457916.0,434930412.0,96925852.0,7170624333.0,1055139044.0,705528225.0,-1161832355.0,3075250381.0,2609305692.0,4351065726.0,4606524279.0,-66495984.0,5137361394.0,2246916091.0,752876243.0,-68085177.0,35009753.0,798034611.0,-141519003.0,4841201.0,76.0,2401906.0,,
2020-12-31,KORDS.IS,664286332.0,-205356823.0,62052856.0,449892785.0,-279743791.0,-129182126.0,-2639296.0,51954355.0,535508889.0,17101899.0,194529076.0,3733211464.0,72477097.0,269597784.0,-7108996.0,312112299.0,,,803124975.0,179930044.0,22427057.0,871408180.0,-160048641.0,1225312596.0,-52497077.0,,1210728658.0,644844.0,696997365.0,-712559120.0,152970598.0,152970598.0,157502987.0,1144305722.0,786328809.0,,312112299.0,351810794.0,27790965.0,95721430.0,,487674866.0,-22869558.0,982746825.0,2567879602.0,24449577.0,1341796245.0,489432657.0,462887549.0,7604678567.0,-1008843496.0,902162580.0,-208072628.0,2889547134.0,2536087050.0,4326556200.0,4224224140.0,-132182255.0,4536336439.0,2581125002.0,982746825.0,-48632269.0,35009753.0,923388013.0,-247652107.0,13933897.0,94.0,,,
2021-12-31,KORDS.IS,1927384146.0,-250210903.0,62052856.0,194805294.0,-255087491.0,-1505553062.0,-1791443430.0,1274029041.0,1665237308.0,-187222888.0,194529076.0,6159087633.0,200903794.0,329194258.0,-7941990.0,938818427.0,,,1731966930.0,944057474.0,80397822.0,1397874859.0,-133031524.0,2988780250.0,-52497077.0,,1266236904.0,875043.0,1237568448.0,-347239647.0,768560878.0,768560878.0,863659652.0,2825859562.0,2208627810.0,,938818427.0,768647207.0,82182494.0,365684271.0,,509263469.0,-71260386.0,2931868873.0,4018257361.0,40868206.0,2057557643.0,823540683.0,724444403.0,14010589668.0,-559823418.0,485771396.0,-274305390.0,6185429419.0,5513002135.0,7527012772.0,6952236136.0,5239047.0,7891054563.0,5246008448.0,2931868873.0,,93269921.0,1639505779.0,-212583771.0,6241528.0,171.0,54388499.0,,
2018-12-31,KOZAL.IS,52856000.0,-240890000.0,,2558718000.0,745976000.0,-10578000.0,-97099000.0,30122000.0,-70009000.0,-126702000.0,152500000.0,634439000.0,81886000.0,84137000.0,,810523000.0,,,976184000.0,1425649000.0,251902000.0,2367000.0,-188000.0,307335000.0,-102635000.0,,,225821000.0,,,1173747000.0,1173747000.0,1173747000.0,273828000.0,3971292000.0,,810523000.0,217569000.0,61261000.0,92126000.0,,133721000.0,11614000.0,1566000.0,672859000.0,38003000.0,3833610000.0,116044000.0,,4336220000.0,,983618000.0,-237642000.0,3203587000.0,214823000.0,348544000.0,800100000.0,615126000.0,1610623000.0,3987676000.0,1566000.0,,,14017000.0,,552161000.0,,,,
2019-12-31,KOZAL.IS,67846000.0,-146052000.0,,4383735000.0,1799539000.0,1052000.0,-73595000.0,14735000.0,-299648000.0,-138278000.0,152500000.0,934308000.0,102181000.0,224847000.0,,1618602000.0,,,1914962000.0,2258475000.0,491183000.0,1440000.0,,380930000.0,-102635000.0,,,230822000.0,,,1767292000.0,1767292000.0,1767292000.0,30983000.0,5742968000.0,,1618602000.0,709297000.0,20208000.0,199364000.0,,183667000.0,-20414000.0,5023000.0,575889000.0,136849000.0,5600902000.0,179925000.0,,6348614000.0,,1496405000.0,303134000.0,4817149000.0,405977000.0,590189000.0,1230668000.0,639873000.0,2849270000.0,5758425000.0,5023000.0,,,14017000.0,,552161000.0,,,,
2020-12-31,KOZAL.IS,103579000.0,-299930000.0,,5921786000.0,1539105000.0,-2926000.0,-61736000.0,35988000.0,-217948000.0,-480344000.0,152500000.0,1161213000.0,110060000.0,225166000.0,,1701843000.0,,,2088428000.0,2351097000.0,540718000.0,1093000.0,,406068000.0,-5782000.0,,,218753000.0,,,1810379000.0,1810379000.0,1810379000.0,32618000.0,7551307000.0,,1701843000.0,1069661000.0,41190000.0,217712000.0,,194184000.0,233000.0,-149000.0,671815000.0,119019000.0,7411281000.0,267333000.0,,8380982000.0,,1308579000.0,230526000.0,6408428000.0,614311000.0,817350000.0,1547798000.0,649254000.0,3249641000.0,7563632000.0,-149000.0,,,11232000.0,,555052000.0,,,,
2021-12-31,KOZAL.IS,197793000.0,-491752000.0,,8885482000.0,2949481000.0,-103000.0,-32280000.0,94214000.0,-538859000.0,-431969000.0,152500000.0,1479346000.0,190295000.0,219281000.0,,1799645000.0,,,2523007000.0,4016984000.0,1012982000.0,3979000.0,,426033000.0,13803000.0,,,218753000.0,,,3004002000.0,3004002000.0,3004002000.0,54400000.0,10552474000.0,,1799645000.0,1480813000.0,23678000.0,522145000.0,,387660000.0,145925000.0,-98000.0,995894000.0,259110000.0,10415283000.0,318327000.0,,12103110000.0,,2314286000.0,635195000.0,9392439000.0,1118787000.0,1535425000.0,2202708000.0,2217339000.0,4002353000.0,10567685000.0,-98000.0,,,11232000.0,,1117740000.0,,,,
2018-12-31,KOZAA.IS,61082000.0,-246976000.0,283000.0,2792343000.0,750507000.0,17507000.0,-105481000.0,26277000.0,575400000.0,-77568000.0,388080000.0,697742000.0,102564000.0,100007000.0,,750721000.0,,,970689000.0,1360428000.0,253659000.0,2483000.0,-226000.0,324490000.0,-119707000.0,,,225919000.0,2208036000.0,,458785000.0,458785000.0,1106769000.0,129858000.0,2062119000.0,,750721000.0,399899000.0,52342000.0,126932000.0,,138111000.0,16277000.0,-3525000.0,742357000.0,41788000.0,1695179000.0,161903000.0,,4687989000.0,,994927000.0,-244420000.0,3301916000.0,261825000.0,399936000.0,917710000.0,609707000.0,1668431000.0,2080017000.0,-3525000.0,,,15415000.0,,568152000.0,,,,
2019-12-31,KOZAA.IS,74001000.0,-147612000.0,283000.0,4626571000.0,1806976000.0,-1850000.0,-75814000.0,1867000.0,632006000.0,-85832000.0,388080000.0,1032771000.0,149964000.0,240483000.0,,1580770000.0,,,1891739000.0,2248743000.0,475631000.0,1531000.0,,400304000.0,-119707000.0,,,230492000.0,3186907000.0,,796038000.0,796038000.0,1773112000.0,78688000.0,2860363000.0,,1580770000.0,664094000.0,38268000.0,225044000.0,,187328000.0,-10106000.0,-2271000.0,635996000.0,139240000.0,2491217000.0,181835000.0,,6692901000.0,,1506898000.0,300078000.0,5145373000.0,440812000.0,628685000.0,1343740000.0,667973000.0,2924510000.0,2877309000.0,-2271000.0,,,15415000.0,,568152000.0,,,,
2020-12-31,KOZAA.IS,110074000.0,-302095000.0,283000.0,6188161000.0,1564242000.0,-5059000.0,-59308000.0,35330000.0,835809000.0,-401647000.0,388080000.0,1267826000.0,144200000.0,239884000.0,,1641989000.0,,,2059001000.0,2257726000.0,561537000.0,1182000.0,,423014000.0,-2307000.0,,,218423000.0,4183390000.0,,699511000.0,699511000.0,1696189000.0,53544000.0,3558628000.0,,1641989000.0,684783000.0,334680000.0,264607000.0,,199855000.0,13987000.0,-8049000.0,715240000.0,131332000.0,3190728000.0,271693000.0,,8637281000.0,,1344520000.0,219722000.0,7006421000.0,673354000.0,882849000.0,1684838000.0,615737000.0,3326827000.0,3571042000.0,-8049000.0,,,11232000.0,,545115000.0,,,,
2021-12-31,KOZAA.IS,217341000.0,-615864000.0,283000.0,9178005000.0,2973994000.0,-15481000.0,-39618000.0,106606000.0,1062631000.0,-233517000.0,388080000.0,1638724000.0,219536000.0,239634000.0,,1780859000.0,,,2510962000.0,3949170000.0,1039914000.0,4046000.0,,450317000.0,19157000.0,,,218423000.0,5833406000.0,,1259267000.0,1259267000.0,2909256000.0,83003000.0,4814835000.0,,1780859000.0,836858000.0,39221000.0,576601000.0,,395031000.0,144367000.0,-8245000.0,1457216000.0,295682000.0,4449995000.0,290054000.0,,12281565000.0,,2379522000.0,594472000.0,9753790000.0,1194037000.0,1618046000.0,2368827000.0,2168311000.0,4149686000.0,4830113000.0,-8245000.0,,,11232000.0,,1198290000.0,,,,
2018-12-31,LOGO.IS,25500164.0,-4515557.0,,80919777.0,29286163.0,-36933425.0,-183260.0,6645911.0,26576579.0,4326979.0,25000000.0,63953940.0,3172018.0,7342372.0,,61670757.0,,,257138159.0,68412933.0,1308079.0,164343687.0,-3147539.0,787560.0,-417375.0,9770660.0,96009180.0,7323214.0,23351258.0,-15120548.0,67703377.0,67703377.0,67104854.0,139462709.0,-5873577.0,,61670757.0,6523429.0,2207682.0,65053430.0,,15837322.0,5863755.0,44631528.0,20708350.0,83306746.0,235644810.0,106296901.0,,563158201.0,-23689557.0,101171199.0,-49863435.0,227507326.0,131938977.0,244584638.0,259421342.0,6742176.0,321092099.0,295222305.0,34577495.0,-28673009.0,1667956.0,136752195.0,-3147539.0,3036571.0,,,-5421470.0,
2019-12-31,LOGO.IS,46713633.0,-4023924.0,,152183722.0,71263945.0,-71455369.0,249446.0,23054387.0,45955268.0,1918366.0,25000000.0,75030599.0,5160460.0,17209104.0,,91163709.0,,,347102787.0,91507590.0,5222466.0,195816395.0,-5416564.0,538114.0,-5407599.0,9770660.0,95657231.0,12730813.0,7479994.0,5310631.0,86310753.0,86310753.0,86285124.0,212244130.0,44942489.0,,91163709.0,10481249.0,2995583.0,105155561.0,,35104714.0,442386.0,50219482.0,34441217.0,101520557.0,321955563.0,153976135.0,10114413.0,775732272.0,-105933.0,136035193.0,-65378276.0,375900470.0,242046963.0,381131266.0,330969677.0,343881.0,422133386.0,387121012.0,40165449.0,-28673009.0,712961.0,146362128.0,-5416564.0,7215074.0,,,,
2020-12-31,LOGO.IS,65971841.0,-3038877.0,,261595709.0,109411987.0,-32027495.0,-2308597.0,17960142.0,85172811.0,17436469.0,25000000.0,99573299.0,10007150.0,18932073.0,,103601449.0,,,445450593.0,118070266.0,4262303.0,267497892.0,-5431441.0,2846711.0,-54577272.0,9770660.0,112413383.0,28104547.0,6144686.0,-36039941.0,114528012.0,114528012.0,113807963.0,236336202.0,61367065.0,,103601449.0,18300363.0,3616374.0,212704367.0,,28078448.0,8940615.0,80175832.0,37056721.0,118552365.0,436483575.0,214356164.0,17043175.0,1097519976.0,-39385428.0,264094117.0,-125024282.0,543820036.0,406374780.0,559769916.0,441422443.0,14468817.0,545023892.0,531605374.0,70121799.0,-28673009.0,9727580.0,202740417.0,-3345487.0,13997073.0,32081501.0,,,
2021-12-31,LOGO.IS,79780089.0,-4663052.0,,259390060.0,-2205649.0,-13465792.0,-3082424.0,4344519.0,-93432378.0,135278112.0,100000000.0,142732953.0,18921317.0,19625856.0,,208494477.0,,,624032739.0,300067809.0,22730020.0,431952439.0,-10172717.0,5929135.0,-289959780.0,9770660.0,159907035.0,183908017.0,-51423695.0,7384524.0,264649959.0,264649959.0,277337789.0,333669674.0,125700287.0,,208494477.0,29398456.0,10454777.0,448399172.0,,59230324.0,-1622610.0,189922609.0,38662637.0,175440634.0,604788520.0,241720238.0,28576257.0,1807471818.0,-19491831.0,373164033.0,-395939157.0,796273910.0,742156945.0,973966428.0,558271215.0,91573332.0,766765692.0,884929085.0,180140565.0,-28673009.0,40061306.0,327276359.0,-7974006.0,33962490.0,173933264.0,,,
2019-01-31,MAVI.IS,501301000.0,-57088000.0,,266571000.0,-451000.0,-59680000.0,-136493000.0,122089000.0,137836000.0,35555000.0,49657000.0,1144905000.0,1880000.0,69562000.0,,297587000.0,,,1207945000.0,132353000.0,31579000.0,53384000.0,-98395000.0,457229000.0,,,91985000.0,,3394000.0,-9646000.0,91517000.0,91517000.0,100774000.0,201457000.0,143512000.0,,297587000.0,8597000.0,22070000.0,61202000.0,,17823000.0,-2332000.0,16260000.0,159739000.0,22448000.0,267857000.0,890242000.0,204317000.0,1343910000.0,-185470000.0,260547000.0,-75528000.0,985312000.0,896934000.0,1006742000.0,2055263000.0,-165234000.0,2352850000.0,333774000.0,16260000.0,-25925000.0,,136878000.0,-149899000.0,4681000.0,,4192000.0,,
2020-01-31,MAVI.IS,591320000.0,-79767000.0,,310838000.0,48815000.0,-63706000.0,-48467000.0,45142000.0,257766000.0,37361000.0,49657000.0,1458268000.0,5583000.0,276309000.0,,364736000.0,,,1404614000.0,137525000.0,29638000.0,55337000.0,-206463000.0,496064000.0,,,84098000.0,,17440000.0,-290676000.0,94844000.0,94844000.0,107887000.0,251069000.0,250489000.0,,364736000.0,21619000.0,18940000.0,47422000.0,,11868000.0,-5117000.0,47866000.0,587398000.0,25858000.0,362701000.0,1019137000.0,160946000.0,1937424000.0,-449020000.0,603194000.0,-105359000.0,1118672000.0,1123025000.0,1459760000.0,2498146000.0,-227211000.0,2862882000.0,460224000.0,47866000.0,-30347000.0,,154398000.0,-158344000.0,6224000.0,,12714000.0,,
2021-01-31,MAVI.IS,624593000.0,-79035000.0,,893483000.0,579037000.0,-6628000.0,-65541000.0,84837000.0,102571000.0,-42109000.0,49657000.0,1241704000.0,22251000.0,300232000.0,,80830000.0,,,1160104000.0,12477000.0,4434000.0,60611000.0,-186509000.0,560084000.0,,,105569000.0,,24217000.0,383436000.0,4583000.0,4583000.0,8043000.0,258796000.0,260236000.0,,80830000.0,38752000.0,24055000.0,61768000.0,,22122000.0,-7829000.0,92851000.0,632698000.0,33673000.0,367284000.0,1053430000.0,375566000.0,2707750000.0,233935000.0,389378000.0,-44276000.0,1786744000.0,1786006000.0,2173741000.0,2320978000.0,-68353000.0,2401808000.0,509792000.0,92851000.0,-30347000.0,,188945000.0,-149501000.0,54330000.0,,13162000.0,,
2022-01-31,MAVI.IS,1145176000.0,-130292000.0,,1508641000.0,615758000.0,-177430000.0,-198017000.0,511400000.0,406271000.0,69297000.0,49657000.0,2247656000.0,49361000.0,345469000.0,,668774000.0,,,2371663000.0,539022000.0,116004000.0,112316000.0,-242785000.0,751398000.0,,,,,78854000.0,-419214000.0,400441000.0,400441000.0,423018000.0,435151000.0,659169000.0,,668774000.0,74295000.0,40327000.0,134594000.0,,54944000.0,-10733000.0,327468000.0,709492000.0,45065000.0,737378000.0,1668557000.0,245780000.0,4095304000.0,-674518000.0,1370011000.0,-79735000.0,2856183000.0,2570373000.0,2901947000.0,3950545000.0,-129752000.0,4619319000.0,1114503000.0,327468000.0,-30347000.0,,343018000.0,-224957000.0,83683000.0,,18573000.0,,
2018-12-31,MGROS.IS,4765786000.0,-366155000.0,,1750516000.0,133136000.0,-32236000.0,-327556000.0,909058000.0,1175837000.0,6333000.0,181054000.0,13906759000.0,1765000.0,295083000.0,11065000.0,868626000.0,,,4810599000.0,-1047267000.0,-211830000.0,226250000.0,-956136000.0,2249052000.0,,,3341007000.0,1165000.0,2186000.0,-305074000.0,-835558000.0,-835558000.0,-835437000.0,198175000.0,-1846338000.0,,868626000.0,67151000.0,197085000.0,283512000.0,,233845000.0,-19839000.0,832392000.0,3863042000.0,,-255107000.0,3961812000.0,706655000.0,10884861000.0,-740172000.0,1190961000.0,-315385000.0,4474261000.0,6674919000.0,10249771000.0,17848732000.0,-1915893000.0,18717358000.0,632904000.0,706957000.0,,-2268000.0,2252992000.0,-309663000.0,-60300000.0,18450000.0,,-125435000.0,
2019-12-31,MGROS.IS,5631858000.0,-307248000.0,,2328309000.0,577793000.0,-15650000.0,-443061000.0,854011000.0,1382768000.0,80766000.0,181054000.0,16821138000.0,,787160000.0,11065000.0,1368455000.0,,,6043622000.0,-441483000.0,30252000.0,192833000.0,-1649889000.0,2666449000.0,,,3440185000.0,4415000.0,1665000.0,-1215802000.0,-460812000.0,-460812000.0,-471735000.0,173818000.0,-2093322000.0,,1368455000.0,38347000.0,6552000.0,200608000.0,,274325000.0,-19863000.0,835733000.0,6054782000.0,,-538849000.0,4695030000.0,681251000.0,13817048000.0,-1743453000.0,2185182000.0,128773000.0,5273679000.0,7788240000.0,13462880000.0,21496305000.0,-1809938000.0,22864760000.0,352503000.0,710298000.0,,7291000.0,2252992000.0,-527651000.0,-60300000.0,19714000.0,,,
2020-12-31,MGROS.IS,7195039000.0,-489945000.0,,3230793000.0,902484000.0,-65584000.0,-737705000.0,1695977000.0,1508475000.0,181604000.0,181054000.0,22102325000.0,,843084000.0,996000.0,1400845000.0,,,6687865000.0,-220705000.0,183240000.0,186679000.0,-1452971000.0,3339580000.0,,,2279885000.0,10815000.0,2400000.0,-1991668000.0,-402984000.0,-402984000.0,-403945000.0,202379000.0,-2408610000.0,,1400845000.0,34164000.0,438139000.0,340952000.0,,325008000.0,-19783000.0,683927000.0,5562488000.0,,-708485000.0,5306803000.0,413522000.0,15378059000.0,-2433439000.0,3022867000.0,328360000.0,7330921000.0,10402951000.0,15344598000.0,27389345000.0,-1621550000.0,28790190000.0,31061000.0,558492000.0,,-15304000.0,2252992000.0,-441771000.0,-60300000.0,5879000.0,,,
2021-12-31,MGROS.IS,9011295000.0,-870033000.0,,3632341000.0,401548000.0,-5367000.0,-1413496000.0,2345605000.0,1108834000.0,102537000.0,181054000.0,27624093000.0,267107000.0,907185000.0,678000.0,1587939000.0,,,8648150000.0,225487000.0,-132716000.0,209019000.0,-2101658000.0,4675317000.0,,,1685995000.0,97059000.0,,-1907653000.0,358881000.0,358881000.0,358203000.0,219634000.0,-1925947000.0,,1587939000.0,301639000.0,19906000.0,814604000.0,,420158000.0,399056000.0,785825000.0,6535892000.0,,-305380000.0,6661155000.0,569464000.0,18100325000.0,-2374382000.0,3404179000.0,-507049000.0,8703724000.0,13108998000.0,17564261000.0,34684304000.0,-1362452000.0,36272243000.0,536064000.0,660390000.0,,-121200000.0,2252992000.0,-466729000.0,,2596000.0,,,
2018-12-31,NTHOL.IS,107870812.0,-241931188.0,,291565401.0,8556676.0,-19828694.0,-2642540.0,25242099.0,-161144235.0,-9883317.0,563875937.0,521451703.0,32776869.0,93165674.0,-608780.0,169892019.0,,,245692707.0,379600043.0,107418604.0,3232994.0,-122232046.0,34103086.0,,844181295.0,768289989.0,190190812.0,53893347.0,199069789.0,259859849.0,259859849.0,272181439.0,288034281.0,3938020294.0,,169892019.0,1507859369.0,36550432.0,60118641.0,,962507264.0,-34819125.0,2718602831.0,3842032418.0,,1092005798.0,110619813.0,312615316.0,6251935888.0,11552609.0,184768836.0,-248701509.0,708620295.0,525740561.0,2256789253.0,597252391.0,209708024.0,767144410.0,3941253288.0,2285371553.0,-45458362.0,60936740.0,,-94423402.0,,33213997.0,,-47635416.0,
2019-12-31,NTHOL.IS,159332174.0,-163777817.0,,434234608.0,142669207.0,91193607.0,-5336262.0,91036709.0,-62450633.0,12850169.0,563875937.0,653054497.0,31510115.0,160249399.0,-1362149.0,142656601.0,,,269711896.0,168831001.0,79907888.0,2463304.0,-156467852.0,39439348.0,,844181295.0,832586463.0,172279900.0,69687613.0,58373676.0,76431185.0,76431185.0,88923113.0,200065416.0,4486922404.0,,142656601.0,1726076826.0,31285043.0,101830318.0,,1152497596.0,4378498.0,3174300013.0,4785241409.0,,1202475431.0,122676797.0,352693616.0,7498115931.0,-71620150.0,363974174.0,-190584715.0,812054492.0,707267228.0,2939042610.0,780109792.0,26174400.0,922766393.0,4489385708.0,2723034340.0,-12349522.0,40899898.0,,-99609909.0,,66215162.0,,-18034395.0,
2020-12-31,NTHOL.IS,147257408.0,-239994294.0,,332659077.0,-101575531.0,68218517.0,3296350.0,-48798817.0,373246011.0,30654208.0,563875937.0,413423390.0,104173966.0,175532112.0,-233903.0,-167501154.0,,,8112924.0,-559863628.0,-75840576.0,3095874.0,-164964772.0,36142998.0,,844181295.0,1219127034.0,170085202.0,101022006.0,106097560.0,-489512668.0,-489512668.0,-484023052.0,136691248.0,4038014487.0,,-167501154.0,1857595333.0,34981333.0,27024182.0,,1143720980.0,97877917.0,3205634038.0,4886858569.0,,775238818.0,77736161.0,495755336.0,7574098634.0,-25896239.0,112635713.0,-250608224.0,656463656.0,846493171.0,3431966267.0,589037468.0,-392362474.0,421536314.0,4041110361.0,2701995606.0,-4579800.0,62293219.0,,-75041240.0,,78701349.0,,-52372759.0,
2021-12-31,NTHOL.IS,468988503.0,-383645902.0,,1209742349.0,877083272.0,-92792835.0,-23748068.0,461245256.0,-377481817.0,-98772384.0,563875937.0,642571431.0,329780013.0,179490486.0,,106589258.0,,,368936749.0,1367646231.0,352659712.0,61365638.0,-226265168.0,59891066.0,,844181295.0,1978977870.0,189367719.0,732387724.0,-357564305.0,910011227.0,910011227.0,1014986519.0,219350788.0,9842934964.0,,106589258.0,4842934770.0,56057378.0,71953051.0,,3104141725.0,119468987.0,7451236578.0,11070049513.0,,2123239792.0,142878504.0,951079039.0,17752650861.0,230073406.0,957951865.0,-461420767.0,1588933221.0,1853135751.0,7115962535.0,904918922.0,1261056973.0,1011508180.0,9904300602.0,7217184873.0,-32046367.0,150478768.0,,-146612425.0,,259702.0,,-77884792.0,
2018-12-31,ODAS.IS,285547729.0,-1835921416.0,44242.0,7133365.0,-116791969.0,-5788920.0,-63070645.0,81048262.0,1711648988.0,28075474.0,135750000.0,830719105.0,39234733.0,42081927.0,-206884.0,10891127.0,,,55925590.0,-219693083.0,43203153.0,12047426.0,-112237152.0,86158285.0,,13200000.0,1140024004.0,200000.0,14875841.0,151107122.0,-251539857.0,-251539857.0,-262896236.0,186113123.0,816940858.0,,10891127.0,136205181.0,75982544.0,181361255.0,,125559123.0,12635846.0,807609115.0,2563015928.0,,-114415073.0,32398617.0,406281389.0,3076063154.0,164307122.0,1567816367.0,-1848915458.0,364594619.0,959396220.0,2232199029.0,875753568.0,-230584210.0,886644695.0,828988284.0,807609115.0,,,,,-2777387.0,,34197302.0,,
2019-12-31,ODAS.IS,288073343.0,-75021289.0,28260507.0,16355919.0,9222553.0,-138863612.0,-57179260.0,150010473.0,-32393776.0,-1816994.0,294742950.0,762339522.0,32200013.0,77394861.0,43946.0,119261068.0,,,176111223.0,-231126729.0,-15932697.0,11456106.0,-326932510.0,143337545.0,,247046351.0,1124009828.0,2135535.0,-13794555.0,44807319.0,-187686475.0,-187686475.0,-215194032.0,285952122.0,794587837.0,,119261068.0,184012918.0,96920851.0,231935092.0,,86377042.0,28669118.0,797135249.0,2480515904.0,,-314094763.0,28181037.0,586803729.0,3231795961.0,291853670.0,-187319703.0,-95311414.0,553675498.0,1225070958.0,2439546573.0,819189677.0,-350387797.0,938450745.0,806043943.0,797135249.0,,,,,-2777387.0,,48701442.0,,
2020-12-31,ODAS.IS,280689768.0,-132378012.0,60094073.0,15431240.0,-924679.0,-36273789.0,-50374698.0,-63740298.0,172833075.0,193641950.0,600000000.0,738059056.0,171470932.0,92066280.0,21614.0,162624820.0,,,237081182.0,-454242108.0,-205105597.0,10685583.0,-249358931.0,193712243.0,,264053480.0,1487422249.0,27264636.0,-7639044.0,-168772356.0,-246670717.0,-246670717.0,-249136511.0,261418124.0,785138852.0,,162624820.0,326328930.0,38857604.0,244980716.0,,26240374.0,27019460.0,708665530.0,2525695436.0,,-572935168.0,47436902.0,420115199.0,3406082696.0,95281124.0,66242434.0,-162448237.0,516108111.0,1103684894.0,2617897305.0,812515418.0,-616866928.0,975140238.0,795824435.0,708665530.0,,,,,-3933337.0,,69913759.0,,
2021-12-31,ODAS.IS,298874477.0,-3110779086.0,258850762.0,173258224.0,157826984.0,-52080664.0,-99955273.0,32231112.0,2828387439.0,-109485861.0,1400000000.0,1063179164.0,96623790.0,66945847.0,98173.0,261218890.0,,,382422327.0,-162418850.0,-160080281.0,13104674.0,-350049788.0,293667516.0,,998756688.0,1782415119.0,45298867.0,2241844.0,-433164179.0,38892538.0,38892538.0,-2338569.0,426607364.0,3650286335.0,,261218890.0,227339557.0,206770672.0,215623993.0,,218753409.0,68704317.0,2479474467.0,5569391545.0,,-474934220.0,52499120.0,624564522.0,6968674929.0,565592509.0,2713805194.0,-3121570719.0,1113540286.0,1297157352.0,3303042076.0,1184382601.0,-423637740.0,1445601491.0,3663391009.0,2479474467.0,,,,,-1145854.0,,69553375.0,,
2018-12-31,OTKAR.IS,269459000.0,-20478000.0,,173017000.0,-55941000.0,-121044000.0,-282277000.0,207342000.0,171412000.0,79813000.0,24000000.0,1085704000.0,90064000.0,12975000.0,,237413000.0,,,592957000.0,121145000.0,-43191000.0,97671000.0,-120609000.0,690013000.0,,,500266000.0,13305000.0,,-30661000.0,164336000.0,164336000.0,164336000.0,928220000.0,291915000.0,,237413000.0,281686000.0,3761000.0,350613000.0,,544754000.0,-71876000.0,62154000.0,107603000.0,50481000.0,303432000.0,376939000.0,207281000.0,2302746000.0,-200026000.0,280354000.0,-130485000.0,1802481000.0,868140000.0,1913160000.0,1441248000.0,-116268000.0,1678661000.0,389586000.0,62154000.0,-70000000.0,-5784000.0,,-99365000.0,-147000.0,,182985000.0,,
2019-12-31,OTKAR.IS,256191000.0,-36945000.0,,222722000.0,49705000.0,-73105000.0,-81542000.0,-13268000.0,156585000.0,4739000.0,24000000.0,1511592000.0,101997000.0,23042000.0,,435746000.0,,,919051000.0,346354000.0,-5238000.0,130771000.0,-129217000.0,768185000.0,,,533012000.0,56309000.0,,27261000.0,351592000.0,351592000.0,351592000.0,942020000.0,506875000.0,,435746000.0,395640000.0,1071000.0,476851000.0,,454384000.0,-83286000.0,30622000.0,152353000.0,59061000.0,583024000.0,507530000.0,7509000.0,2677717000.0,-162232000.0,424299000.0,-183770000.0,1942644000.0,1037747000.0,2040071000.0,1994897000.0,-89392000.0,2430643000.0,637646000.0,30622000.0,-72000000.0,-28592000.0,,-117493000.0,-147000.0,,241768000.0,,
2020-12-31,OTKAR.IS,349519000.0,-112102000.0,,517422000.0,294700000.0,-387218000.0,-579755000.0,93328000.0,140358000.0,-33637000.0,24000000.0,1714567000.0,96285000.0,28065000.0,,617554000.0,,,1194144000.0,625186000.0,6918000.0,295785000.0,-120318000.0,1335582000.0,,,964949000.0,169836000.0,,990799000.0,618268000.0,618268000.0,618268000.0,1286204000.0,711558000.0,,617554000.0,443542000.0,19861000.0,835067000.0,,221155000.0,-42577000.0,-17949000.0,246499000.0,87325000.0,1001292000.0,531842000.0,289014000.0,4334175000.0,719425000.0,-51942000.0,-310688000.0,3178513000.0,2126684000.0,3326832000.0,2291157000.0,7632000.0,2908711000.0,1007343000.0,-17949000.0,-200000000.0,-62095000.0,,-71374000.0,187242000.0,,204942000.0,,
2021-12-31,OTKAR.IS,554860000.0,-183931000.0,,644857000.0,127435000.0,-898907000.0,-97688000.0,205341000.0,407959000.0,189468000.0,24000000.0,2792189000.0,234424000.0,39065000.0,,981506000.0,,,1716685000.0,904546000.0,-136978000.0,443469000.0,-183125000.0,1426393000.0,,,1233360000.0,182603000.0,,251895000.0,1041524000.0,1041524000.0,1041524000.0,1858944000.0,1053066000.0,,981506000.0,972379000.0,10186000.0,1092416000.0,,379493000.0,-174009000.0,-170281000.0,430650000.0,109841000.0,1642816000.0,799347000.0,644014000.0,5989526000.0,-270818000.0,952845000.0,-311441000.0,3960425000.0,2852334000.0,4492991000.0,3527368000.0,-76960000.0,4508874000.0,1496535000.0,-170281000.0,-400000000.0,-243151000.0,,-122713000.0,187242000.0,,295906000.0,,
2018-12-31,OYAKC.IS,26638917.0,-8212514.0,23430.0,3077870.0,-24190092.0,6617557.0,-42791838.0,-3704937.0,-4285024.0,-12785699.0,109524000.0,150369340.0,2218903.0,11388363.0,,30272294.0,,,49030714.0,35817322.0,5406255.0,452257.0,-11371340.0,78690521.0,,,,,,56126646.0,30411067.0,30411067.0,30411067.0,71033876.0,256929349.0,,30272294.0,2586658.0,103002253.0,3395187.0,,12155878.0,-6031045.0,2357587.0,100500836.0,8296546.0,145476589.0,24789465.0,,367248156.0,-2061938.0,-15150511.0,-6977643.0,263708405.0,97710672.0,109866550.0,169127760.0,5545028.0,199400054.0,257381606.0,2357587.0,-48424265.0,-4877159.0,,-9764319.0,1722631.0,,,-54515327.0,
2019-12-31,OYAKC.IS,337722839.0,-313361289.0,234322.0,368764091.0,-383396731.0,137281576.0,117024787.0,21956517.0,12936792.0,-292942712.0,785527741.0,1853019288.0,45389631.0,150132331.0,,143068250.0,,,331741936.0,136614550.0,22997725.0,65698895.0,-153942342.0,355954936.0,,,406188903.0,343.0,,-341461206.0,113616825.0,113616825.0,113616825.0,677580451.0,1937618373.0,,143068250.0,108991415.0,31478464.0,84601496.0,,104392187.0,-34315266.0,82463883.0,1684978549.0,8296546.0,1142154263.0,214692406.0,215649801.0,3358734585.0,-543791608.0,262541343.0,-97269307.0,1492002442.0,820847757.0,1348354376.0,2041692974.0,-6453700.0,2184761224.0,2010380209.0,82463883.0,-54358365.0,-4877159.0,7062941.0,-93456710.0,1321071.0,,,-54515327.0,
2020-12-31,OYAKC.IS,606589044.0,-289335993.0,234322.0,448831807.0,80170025.0,-255028979.0,974933.0,265394473.0,25414728.0,-36285839.0,1159793441.0,2354049813.0,87956953.0,160633006.0,,351472686.0,,,578184758.0,378442461.0,19989155.0,76000804.0,-117179212.0,410747201.0,,,5000004.0,,,33462258.0,358453306.0,358453306.0,358453306.0,931209488.0,2199087460.0,,351472686.0,128257646.0,15389947.0,102116748.0,,117248563.0,-30773402.0,-284354102.0,1851916248.0,8218010.0,1413412764.0,249267464.0,401881474.0,3972726540.0,-145535404.0,523525532.0,-284909167.0,1909488901.0,1554271751.0,1690575335.0,2580761885.0,26969775.0,2932234571.0,2282151205.0,-291289322.0,,-12910936.0,7062941.0,-96988738.0,1321071.0,,,-82008924.0,
2021-12-31,OYAKC.IS,1014177159.0,-337843863.0,234322.0,314816289.0,-133570441.0,-282477875.0,-416962543.0,445639056.0,10517.0,-6258767.0,1159793441.0,3537495555.0,111336537.0,189869907.0,,837916434.0,,,1143486385.0,915644995.0,190479713.0,68467137.0,-105994715.0,808101981.0,,,300000000.0,,,-392277844.0,725165282.0,725165282.0,725165282.0,1264656378.0,2902391115.0,,837916434.0,174028097.0,23012333.0,175971747.0,,190237491.0,-17921610.0,-211756208.0,2025388745.0,9564307.0,2036584858.0,313927254.0,13668309.0,4875634189.0,-453624595.0,659877289.0,-322960853.0,2600687269.0,1386278336.0,1897712996.0,3843065506.0,77728561.0,4680981940.0,2977921193.0,-218691428.0,,-16862282.0,7062941.0,-61346751.0,10626003.0,,,,
2018-12-31,PARSN.IS,84898892.0,-66860474.0,,13488035.0,5493130.0,-22180824.0,-59471540.0,45994688.0,152941124.0,-45238514.0,77112000.0,326956215.0,64378223.0,48073137.0,,84723121.0,,,168700237.0,-62459681.0,-25795282.0,3494950.0,-30627442.0,143944063.0,-1561379.0,,514132770.0,181568192.0,81232862.0,36833700.0,-49019715.0,-49019715.0,-36664399.0,90090837.0,470724615.0,,84723121.0,84899846.0,35068926.0,9713390.0,,22829212.0,1032297.0,307388389.0,937170250.0,1503340.0,96506482.0,78818846.0,171704124.0,1489725099.0,5337709.0,71098356.0,-70942935.0,282591861.0,397310690.0,934272672.0,410933331.0,-147182802.0,495656452.0,474219565.0,300601083.0,,-370173.0,,-30903589.0,-2690421.0,,,-592402.0,
2019-12-31,PARSN.IS,111236393.0,-48626931.0,,11615127.0,-4759914.0,-6510897.0,-12640002.0,26337501.0,47221939.0,-49328901.0,77112000.0,404741259.0,60775185.0,62739060.0,,30917188.0,,,115962460.0,14328589.0,4716571.0,13230510.0,-39038919.0,149544812.0,13859056.0,,596382235.0,205862310.0,94993224.0,17633377.0,-3983354.0,-3983354.0,9612018.0,97371674.0,653481360.0,,30917188.0,121719610.0,41514500.0,6593861.0,,27994457.0,2474411.0,503864048.0,1178896366.0,4635475.0,92523128.0,77935386.0,207238594.0,1819754909.0,-21405542.0,63835346.0,-47189718.0,300046113.0,433673123.0,1058049815.0,489786531.0,-16588599.0,520703719.0,666711870.0,497076742.0,,-370173.0,,-39038919.0,-3625072.0,,,,
2020-12-31,PARSN.IS,163010796.0,-63911081.0,,39272381.0,30544260.0,-57885380.0,-94313196.0,51774403.0,36159257.0,15653578.0,77112000.0,425908101.0,92375348.0,80146380.0,,72281359.0,,,163993519.0,148421019.0,15272736.0,25345924.0,-42901042.0,239574279.0,,,751811990.0,280389267.0,177370421.0,-11417109.0,123187658.0,123187658.0,133148283.0,153667918.0,786016647.0,,72281359.0,146169932.0,40210050.0,7927178.0,,36884703.0,532954.0,525327091.0,1469602331.0,2431520.0,215710786.0,88747686.0,335357631.0,2394280274.0,-54318151.0,154722700.0,-69860289.0,472772820.0,616850589.0,1405547282.0,517620261.0,76139660.0,589901620.0,811362571.0,518539785.0,,-370173.0,,-42901042.0,2673607.0,,,,
2021-12-31,PARSN.IS,411890672.0,-72342935.0,,28565626.0,-10706755.0,-125937557.0,-170713457.0,248879876.0,-269401406.0,-10958521.0,77112000.0,868025328.0,95798282.0,124644543.0,,156147840.0,,,272629744.0,252309878.0,67343769.0,55739232.0,-69496993.0,405321620.0,,,883295010.0,458371902.0,336083211.0,71117814.0,163339574.0,163339574.0,184966109.0,276598592.0,1160286901.0,,156147840.0,149637223.0,69363169.0,48438490.0,,89248407.0,-4179209.0,766651079.0,2447749427.0,4596682.0,379050360.0,116064431.0,664053245.0,3897695365.0,34390903.0,-40146948.0,-4580537.0,786197581.0,1373042604.0,2345586021.0,984507232.0,96162038.0,1140655072.0,1216026133.0,759863773.0,,-370173.0,,-36726911.0,79433930.0,,,,
2018-12-31,PETKM.IS,697145000.0,-767120000.0,64188000.0,3009408000.0,1548959000.0,-269665000.0,-252380000.0,147548000.0,500885000.0,84671000.0,1650000000.0,7735757000.0,270900000.0,242330000.0,,1101782000.0,,,1578960000.0,1003800000.0,167538000.0,19593000.0,-301738000.0,1154734000.0,,,4306321000.0,9534000.0,44636000.0,2852998000.0,871672000.0,871672000.0,836262000.0,1231549000.0,4070707000.0,,1101782000.0,478316000.0,64164000.0,105893000.0,,284438000.0,134497000.0,169825000.0,4085395000.0,22303000.0,2206287000.0,320378000.0,234491000.0,12587806000.0,2306694000.0,1325061000.0,-2462428000.0,7994968000.0,3862111000.0,8452870000.0,8212935000.0,-97982000.0,9314717000.0,4090300000.0,169825000.0,-540000000.0,379632000.0,,-6304000.0,-1695750000.0,,8200000.0,,
2019-12-31,PETKM.IS,957019000.0,-656194000.0,64188000.0,4037170000.0,1027762000.0,-313168000.0,236714000.0,257294000.0,-61440000.0,-58952000.0,2112000000.0,10071083000.0,258524000.0,332692000.0,,1082678000.0,,,1601137000.0,1049208000.0,113523000.0,31618000.0,-402162000.0,957687000.0,,,4370190000.0,8910000.0,-10955000.0,416565000.0,984739000.0,984739000.0,935685000.0,1683515000.0,6541553000.0,,1082678000.0,2249836000.0,4947000.0,58815000.0,,501192000.0,96829000.0,126070000.0,4865126000.0,24867000.0,4270913000.0,396763000.0,296832000.0,16702137000.0,177464000.0,1380969000.0,-625463000.0,9546647000.0,5128553000.0,10139921000.0,10589542000.0,-33470000.0,11672220000.0,6573171000.0,126070000.0,,94792000.0,,-239101000.0,15795000.0,,4084000.0,,
2020-12-31,PETKM.IS,1186629000.0,-782365000.0,64188000.0,5502010000.0,1464840000.0,-42252000.0,-7968000.0,420380000.0,658999000.0,6557000.0,2534400000.0,10280311000.0,263844000.0,421254000.0,,1329984000.0,,,1853765000.0,1270415000.0,199219000.0,40502000.0,-401514000.0,986602000.0,,,5586964000.0,8910000.0,-34004000.0,255929000.0,1087675000.0,1087675000.0,1071196000.0,1821339000.0,7552127000.0,,1329984000.0,2445171000.0,1408000.0,234627000.0,,723724000.0,44753000.0,57853000.0,5629120000.0,,4936188000.0,479028000.0,337024000.0,19983439000.0,15099000.0,2547147000.0,-783830000.0,11859736000.0,5934180000.0,12424814000.0,10804092000.0,-59569000.0,12134076000.0,7592629000.0,57853000.0,,-313576000.0,,-240830000.0,-14079000.0,5198000.0,1392000.0,,
2021-12-31,PETKM.IS,3835847000.0,-1087787000.0,64188000.0,3665331000.0,-1836679000.0,-2800711000.0,-2535409000.0,2615431000.0,50001000.0,-692872000.0,2534400000.0,22298409000.0,150311000.0,537310000.0,,5450822000.0,,,6417248000.0,6652208000.0,1135605000.0,103229000.0,-509519000.0,3903433000.0,,,8990959000.0,8910000.0,-3294000.0,-3370750000.0,5451706000.0,5451706000.0,5516603000.0,5540736000.0,12619095000.0,,5450822000.0,3181685000.0,13000000.0,573871000.0,,799515000.0,85281000.0,-264158000.0,7511041000.0,,10387894000.0,881145000.0,1294214000.0,30428156000.0,-3485547000.0,2627958000.0,-1141901000.0,19623291000.0,7655372000.0,17709126000.0,23264835000.0,1201386000.0,28715657000.0,12722324000.0,-264158000.0,,162811000.0,,-114797000.0,-55860000.0,48654000.0,-11848000.0,,
2018-12-31,QUAGR.IS,148041473.0,-18768950.0,,6903594.0,-6104031.0,-7604411.0,-64371279.0,418536.0,40133939.0,-9992675.0,70000000.0,212773140.0,47461922.0,14725323.0,,86441255.0,,,118691565.0,15078434.0,-4466188.0,388718.0,-17731473.0,121949572.0,-119228064.0,246900000.0,43715027.0,,545494.0,32349162.0,19874128.0,19874128.0,19544622.0,103795836.0,157405986.0,,86441255.0,59629684.0,21551009.0,28513382.0,,29545987.0,-2862782.0,31455194.0,202720526.0,1499782.0,56339510.0,33613310.0,10465751.0,517369183.0,19599848.0,-6816439.0,-18887440.0,254630255.0,280329838.0,359028985.0,245023450.0,-71362821.0,331464705.0,157794704.0,31455194.0,,,,-12749314.0,,,,-50164327.0,
2019-12-31,QUAGR.IS,111029032.0,-11909622.0,,267588.0,-6675796.0,7539568.0,18122111.0,-61011746.0,38050602.0,-16469041.0,99600000.0,304143308.0,44350796.0,17322108.0,,57802003.0,,,99672649.0,16370332.0,3164224.0,486726.0,-28604251.0,103603011.0,-119228064.0,246900000.0,29095587.0,,67029.0,9890340.0,13684573.0,13684573.0,13206108.0,139455307.0,170749070.0,,57802003.0,50721093.0,14766789.0,46605279.0,,12700466.0,-3540536.0,37226967.0,198471364.0,1820894.0,34408829.0,43590288.0,17659128.0,508177293.0,-16063847.0,17238175.0,-7850124.0,258498110.0,292693441.0,336874468.0,346013954.0,-41431671.0,403815957.0,171235796.0,37226967.0,,,,-25954187.0,,,,-50164327.0,
2020-12-31,QUAGR.IS,145775114.0,-15912375.0,,20618497.0,20377651.0,-113567575.0,-15994398.0,25542166.0,63664935.0,-94953276.0,105000000.0,441358655.0,16311945.0,18700026.0,,208075422.0,,,261412999.0,176524568.0,32068872.0,791569.0,-21889951.0,121319712.0,-119228064.0,246900000.0,61463342.0,,4329.0,30585771.0,144518396.0,144518396.0,144455696.0,253775935.0,338740141.0,,208075422.0,50333358.0,34019059.0,7869914.0,,4126428.0,-1449100.0,60022924.0,223675125.0,1868026.0,174508786.0,52918651.0,27265828.0,706804617.0,9501484.0,27910274.0,-17034107.0,432004565.0,299051406.0,367268578.0,494696232.0,-31550854.0,702771654.0,339531710.0,60022924.0,,,,-21084287.0,,,,-50164327.0,
2021-12-31,QUAGR.IS,528070869.0,-769790178.0,231900000.0,191687489.0,171068992.0,-361217934.0,-144527388.0,693038530.0,-50116787.0,-26377370.0,240000000.0,586504138.0,261986929.0,26192040.0,,394694373.0,,,563946679.0,320194119.0,-245387658.0,2017375.0,-26113854.0,266670913.0,-119228064.0,246900000.0,149769072.0,50000.0,-25890.0,181918063.0,565611996.0,565611996.0,565581777.0,585479869.0,1099511961.0,,394694373.0,509278192.0,215973195.0,36801999.0,,313915359.0,6697410.0,9508554.0,965575502.0,2722741.0,620120782.0,159832155.0,67508395.0,2857126029.0,357280933.0,702603087.0,-888815028.0,1380204960.0,970546701.0,1755622583.0,755756444.0,-74500254.0,1150450817.0,1101529336.0,9508554.0,,,,-21372803.0,,119178064.0,,-50164327.0,
2018-12-31,RTALB.IS,5260011.0,-2219239.0,,6140988.0,-8982577.0,3352982.0,2853236.0,1747299.0,-7310790.0,-11504661.0,23600000.0,21706629.0,1289209.0,888392.0,,-9945559.0,,,-1233753.0,-229846.0,-1497179.0,56555.0,-1216027.0,3870859.0,-24170840.0,22851904.0,,,-850489.0,-849779.0,2199306.0,2199306.0,1267333.0,18515258.0,58448648.0,,-9945559.0,20522017.0,3984111.0,113066.0,,329745.0,-2307008.0,8161427.0,11166656.0,3650104.0,27774476.0,7368710.0,,65640356.0,-1153290.0,-5805384.0,-2023903.0,32864428.0,6625197.0,6954942.0,30418435.0,9715713.0,20472876.0,59535903.0,8161427.0,,,1030700.0,-303511.0,261689.0,,630358.0,,
2019-12-31,RTALB.IS,1437758.0,-5190849.0,70981.0,12378781.0,6237793.0,4053193.0,2836229.0,-4376476.0,-9130413.0,4216808.0,36100000.0,12830471.0,619649.0,1228416.0,,-2767122.0,,,3935536.0,3951860.0,-620724.0,120222.0,-655413.0,2964756.0,-24170840.0,22851904.0,3423612.0,28193268.0,66330.0,8895907.0,4422850.0,4422850.0,4572584.0,16309518.0,86508204.0,,-2767122.0,20504808.0,2763185.0,83062.0,,233484.0,-2304768.0,18229860.0,14781455.0,4098520.0,32227585.0,4908906.0,6108848.0,98160324.0,31657266.0,3575805.0,-28995278.0,34560571.0,7808472.0,11465568.0,19533129.0,6718982.0,16766007.0,86628426.0,18229860.0,,,,-90545.0,261689.0,,356536.0,,
2020-12-31,RTALB.IS,23556550.0,-15962831.0,6930981.0,17464181.0,5085400.0,-64158269.0,9028403.0,36444449.0,-38827440.0,4838082.0,41000000.0,144156157.0,2411876.0,2028468.0,,52481235.0,,,86285731.0,87988991.0,9590862.0,760207.0,-6033981.0,17982634.0,-685000.0,1479077.0,591320.0,60365837.0,17531220.0,12698153.0,60933539.0,60933539.0,78398129.0,76582191.0,149514771.0,,52481235.0,21024351.0,21660718.0,29922156.0,,5040187.0,-2274464.0,9183171.0,31399320.0,5258354.0,93160826.0,30820606.0,398591.0,256524939.0,11991797.0,9370436.0,-16276833.0,142975224.0,82514463.0,88718741.0,177960653.0,35507756.0,230441888.0,150274978.0,9183171.0,,,,-2185433.0,846773.0,,,,
2021-12-31,RTALB.IS,101272108.0,-21434949.0,52876395.0,157539063.0,140074882.0,-24306374.0,14819991.0,81560891.0,-62384532.0,-54848168.0,42970214.0,243165052.0,,4413931.0,,95417247.0,,,141176589.0,147359697.0,20059060.0,563731.0,-19730862.0,22878541.0,,47915628.0,307939.0,128716547.0,30560689.0,32471458.0,114473668.0,114473668.0,127300637.0,141272285.0,312109858.0,,95417247.0,6982429.0,26583747.0,45749928.0,,3708780.0,-13889312.0,9192486.0,46754202.0,16595531.0,207634494.0,43053123.0,397117.0,552403815.0,75892138.0,68783440.0,-4600696.0,369386906.0,204880109.0,209169537.0,288924394.0,51942450.0,384341641.0,312673589.0,9192486.0,,,,-4494948.0,4193640.0,,,,
2018-12-31,SARKY.IS,124310494.0,-54695886.0,,64545928.0,12014225.0,-154033759.0,-82989987.0,12698257.0,89632933.0,59456250.0,200000000.0,5382946461.0,8082207.0,27638849.0,,182759598.0,,,262689254.0,121024860.0,29807827.0,7919368.0,-92744691.0,468246350.0,-7777000.0,,178172373.0,49214130.0,511242.0,117954736.0,91098734.0,91098734.0,91217033.0,746661015.0,542638038.0,,182759598.0,104923971.0,40990705.0,27000355.0,,40711820.0,2462822.0,67382839.0,305673713.0,2161892.0,283174567.0,75304942.0,141093723.0,1792008888.0,18230996.0,43999028.0,-61443445.0,1324277706.0,1016181900.0,1240940240.0,5462876117.0,-61734738.0,5645635715.0,550557406.0,67382839.0,-37723495.0,11227645.0,,-62000245.0,,,849983.0,,
2019-12-31,SARKY.IS,301208148.0,-42783333.0,,87708466.0,23522618.0,-166838223.0,-121621025.0,194340744.0,94465617.0,-42374135.0,200000000.0,5524434428.0,8353112.0,24393996.0,,159785891.0,,,256176726.0,115353499.0,26416253.0,9239090.0,-82886404.0,589867375.0,,,276792798.0,52105570.0,543349.0,112392157.0,88834444.0,88834444.0,88937246.0,930224956.0,577183003.0,,159785891.0,107114252.0,58582917.0,49694329.0,,55430649.0,13517490.0,70738308.0,323719064.0,3245701.0,315683785.0,79627644.0,209029681.0,2162075145.0,-4811550.0,71625511.0,-31761341.0,1669897169.0,1238043858.0,1575109703.0,5620825263.0,-44432392.0,5780611154.0,586422093.0,70738308.0,-56314603.0,-11530002.0,,-60889104.0,,,425890.0,,
2020-12-31,SARKY.IS,514177263.0,-16766056.0,,194982885.0,107232718.0,-427430767.0,-279084965.0,212121685.0,49408044.0,28466651.0,300000000.0,6282692306.0,5789155.0,27263720.0,,352366162.0,,,460095207.0,309687377.0,61574690.0,7117552.0,-78166334.0,868952340.0,,,398365618.0,59315278.0,680755.0,324733813.0,247975404.0,247975404.0,248112687.0,1345873391.0,830659745.0,,352366162.0,111574170.0,61499037.0,76373425.0,,61277164.0,11993632.0,95759358.0,357059800.0,4237278.0,442017939.0,91498135.0,303670123.0,3010641503.0,237912879.0,-140980336.0,-13776445.0,2475574703.0,1699686498.0,2172183451.0,6390421351.0,-42678785.0,6742787513.0,837777297.0,95759358.0,-21641250.0,24076620.0,,-65179684.0,,,125998.0,,
2021-12-31,SARKY.IS,1133817712.0,-43880708.0,,356878211.0,161871834.0,-1462083582.0,-812818340.0,774655600.0,60987897.0,-114139432.0,300000000.0,12986496361.0,7800892.0,31217656.0,,742620728.0,,,876907761.0,762927316.0,209335131.0,5483483.0,-156168450.0,1681770680.0,,,750339623.0,69557051.0,1050059.0,1245397389.0,553222655.0,553222655.0,553592185.0,2788944387.0,1434696215.0,,742620728.0,165194382.0,137007865.0,306529175.0,,89563224.0,-4121800.0,229285175.0,523590229.0,4059992.0,910894523.0,134348841.0,461392730.0,5740844859.0,1031044410.0,-968831550.0,-43210378.0,4977019714.0,3447313010.0,4299615102.0,13120783394.0,20306588.0,13863404122.0,1440179698.0,229285175.0,-84346071.0,142869352.0,,-130006908.0,,,2.0,,
2018-12-31,SASA.IS,316577000.0,-984795000.0,,28272000.0,-56661000.0,-88193000.0,-294233000.0,83912000.0,-19635000.0,-19973000.0,605000000.0,1704425000.0,297686000.0,12404000.0,,375664000.0,,,474529000.0,250987000.0,-346419000.0,1098000.0,-22125000.0,560647000.0,,,1186329000.0,,,711757000.0,597406000.0,597406000.0,597406000.0,822215000.0,1734132000.0,,375664000.0,497280000.0,65485000.0,5730000.0,,41314000.0,5393000.0,508496000.0,2169390000.0,1484000.0,623328000.0,91988000.0,215544000.0,4151130000.0,648515000.0,272066000.0,-977242000.0,1483362000.0,1188257000.0,2415900000.0,1803290000.0,-124677000.0,2178954000.0,1735230000.0,506902000.0,-209153000.0,42549000.0,,-63242000.0,3479000.0,,,-10939000.0,
2019-12-31,SASA.IS,677847000.0,-2113657000.0,,101348000.0,73076000.0,-42171000.0,-173083000.0,323420000.0,-799154000.0,-161612000.0,830000000.0,2448314000.0,1349555000.0,40515000.0,,205512000.0,,,315431000.0,12602000.0,-1051578000.0,1370000.0,-129710000.0,751535000.0,,,1724287000.0,,,1912347000.0,1064180000.0,1064180000.0,1064180000.0,525503000.0,2583731000.0,,205512000.0,1511354000.0,220680000.0,90724000.0,,48461000.0,-8652000.0,508496000.0,4629676000.0,3897000.0,1249199000.0,114674000.0,391108000.0,7754181000.0,1929956000.0,252316000.0,-2109196000.0,1611781000.0,3380824000.0,5169080000.0,2558233000.0,-192910000.0,2763745000.0,2585101000.0,505902000.0,-209153000.0,42549000.0,,226762000.0,3479000.0,,,-10939000.0,
2020-12-31,SASA.IS,1215789000.0,-661175000.0,,428395000.0,327047000.0,-210863000.0,-586698000.0,1067311000.0,562959000.0,-128038000.0,830000000.0,3952541000.0,1936763000.0,141417000.0,,986538000.0,,,1088407000.0,-275020000.0,-587208000.0,852000.0,-225263000.0,1338235000.0,,,3313238000.0,,,3761000.0,312188000.0,312188000.0,312188000.0,790894000.0,2885498000.0,,986538000.0,2142606000.0,208611000.0,701487000.0,,56693000.0,-85776000.0,508496000.0,5864428000.0,3802000.0,1553561000.0,183843000.0,947962000.0,10790195000.0,-269718000.0,1159695000.0,-605479000.0,2782309000.0,4447945000.0,7903845000.0,4054410000.0,-1261558000.0,5040948000.0,2886350000.0,502789000.0,,42549000.0,,-262540000.0,3479000.0,,,-10939000.0,
2021-12-31,SASA.IS,3958781000.0,-2498179000.0,,2170396000.0,1742001000.0,-1540745000.0,-2565015000.0,3668952000.0,594717000.0,-293122000.0,1120000000.0,10942436000.0,3812462000.0,242342000.0,,3126602000.0,,,3702517000.0,-1187990000.0,-1885425000.0,3853000.0,-445091000.0,3903250000.0,,,8672440000.0,,,3730673000.0,697435000.0,697435000.0,697435000.0,2532269000.0,4158774000.0,,3126602000.0,4505061000.0,344920000.0,1909438000.0,,87925000.0,-8800000.0,1262238000.0,8701243000.0,8546000.0,1795382000.0,576169000.0,1438203000.0,22194163000.0,3104448000.0,805636000.0,-2473166000.0,8984006000.0,9151729000.0,18031536000.0,11518351000.0,-4314592000.0,14644953000.0,4162627000.0,1247245000.0,,305083000.0,,-451325000.0,20567000.0,,,-174900000.0,
2018-12-31,SELEC.IS,3601512769.0,-137323791.0,,190106835.0,-27332193.0,-828487861.0,-432213297.0,922495801.0,-20432348.0,-16184388.0,621000000.0,12428436807.0,63817083.0,39874397.0,,547845759.0,,,1038908719.0,503312623.0,112042695.0,957763.0,-101482632.0,1445651403.0,,,,,15139.0,58820749.0,391267757.0,391267757.0,391269928.0,3923702845.0,2437641075.0,,547845759.0,118635920.0,89935863.0,49408840.0,,85966476.0,-155116875.0,-47908502.0,582550834.0,,1896701741.0,646179835.0,,6387198459.0,-3279251.0,56320061.0,-80373003.0,5653859541.0,3831423605.0,3917390081.0,12919499767.0,-44533136.0,13467345526.0,2469793239.0,-47908502.0,-62100000.0,,31194401.0,-8400.0,44681514.0,,,,
2019-12-31,SELEC.IS,4910618435.0,-107608115.0,,1092525405.0,902418570.0,-861200237.0,-313181947.0,1382498191.0,-66602877.0,-46707666.0,621000000.0,16334135183.0,58560575.0,62075742.0,,812440939.0,,,1474531918.0,891892880.0,196993293.0,723180.0,-16803427.0,1759859333.0,,,,,19130.0,130533863.0,694895542.0,694895542.0,694899587.0,4700001498.0,3058813940.0,,812440939.0,111117155.0,121119432.0,46877325.0,,95968437.0,-109636910.0,-59765762.0,677257179.0,,2529497283.0,771727889.0,,8501160906.0,68433863.0,851776748.0,-17792041.0,7680868991.0,5281850094.0,5410410255.0,16996226162.0,79451941.0,17808667101.0,3090731521.0,-59765762.0,-62100000.0,,31194401.0,-8400.0,82731931.0,,,,
2020-12-31,SELEC.IS,5991009249.0,-182598496.0,,1283481599.0,190956194.0,-861704779.0,-421451765.0,1222704037.0,-85106422.0,-15906181.0,621000000.0,19490961819.0,70496592.0,73661652.0,,650577529.0,,,1536137256.0,754715671.0,167917275.0,1475010.0,-71723734.0,2183717037.0,,,,,13481.0,-199598295.0,586795628.0,586795628.0,586798396.0,5438753302.0,3534842991.0,,650577529.0,110219386.0,145474582.0,72920750.0,,108840291.0,-6759924.0,-64210509.0,786050843.0,,3010722911.0,892319651.0,,9986650330.0,-305176695.0,498992170.0,-2859281.0,9057710690.0,6287915912.0,6419124447.0,20376521546.0,104138142.0,21027099075.0,3567512402.0,-64210509.0,-105570000.0,,31194401.0,-8400.0,158627523.0,,,,
2021-12-31,SELEC.IS,7776102496.0,-160989715.0,,1421595247.0,138113648.0,-2404039514.0,-140670975.0,1918959764.0,-199930383.0,8270641.0,621000000.0,24043363743.0,95552073.0,81570351.0,,1037780175.0,,,2171280587.0,1231725184.0,309007578.0,1430131.0,-13752407.0,2327995986.0,,,,,17906.0,20950057.0,922713075.0,922713075.0,922717606.0,7710747888.0,4333931217.0,,1037780175.0,134191990.0,207489095.0,94335615.0,,150767845.0,38480881.0,-82310237.0,865475516.0,,3827865986.0,1095019531.0,,12707988164.0,-84619943.0,186872959.0,35860632.0,11675696126.0,8178814945.0,8341414509.0,25176864155.0,193945009.0,26214644330.0,4366555749.0,-82310237.0,-105570000.0,,31194401.0,,190183149.0,,,,
2018-12-31,SKBNK.IS,22940857000.0,-398456000.0,1835000.0,3550105000.0,-1844885000.0,,,0.0,-1232345000.0,647175000.0,1158000000.0,27665000.0,173996000.0,66885000.0,,0.0,,,1344550000.0,107583000.0,18836000.0,94111000.0,,,-437455000.0,250000000.0,4573950000.0,4447602000.0,40349000.0,7408000.0,89398000.0,89398000.0,88747000.0,5369000.0,2318370000.0,,96198000.0,22654310000.0,810768000.0,63083000.0,,1346326000.0,667373000.0,-81830000.0,711832000.0,,1334476000.0,580979000.0,,32964784000.0,-965219000.0,-451866000.0,-762000000.0,5056929000.0,24579312000.0,30511954000.0,1276017000.0,11385000.0,1372215000.0,2412481000.0,-81830000.0,-1000000.0,334200000.0,,-971627000.0,-41406000.0,,,,
2019-12-31,SKBNK.IS,24042003000.0,-119317000.0,1835000.0,4132425000.0,-194714000.0,,,0.0,-956680000.0,-2034925000.0,1158000000.0,31252000.0,357996000.0,134034000.0,,0.0,,,438495000.0,-975966000.0,-193751000.0,127262000.0,,,975859000.0,250000000.0,2993748000.0,4188501000.0,27117000.0,839708000.0,-767847000.0,-767847000.0,-782215000.0,19623000.0,1806370000.0,,-1002126000.0,22087430000.0,595168000.0,54207000.0,,1266658000.0,881636000.0,206872000.0,878883000.0,,566925000.0,558985000.0,,32045027000.0,2303435000.0,-3643392000.0,1017905000.0,4762951000.0,25637784000.0,30084278000.0,1471873000.0,26160000.0,469747000.0,1933632000.0,206872000.0,-1500000.0,127338000.0,,1213727000.0,8736000.0,,,,
2020-12-31,SKBNK.IS,30096017000.0,-122267000.0,1466000.0,5786544000.0,862092000.0,,,0.0,-1990055000.0,-2270837000.0,1860000000.0,24056000.0,320421000.0,131757000.0,,0.0,,,1600535000.0,247575000.0,42025000.0,126686000.0,,,130696000.0,617674000.0,3256730000.0,4821951000.0,42501000.0,-299135000.0,193449000.0,193449000.0,205550000.0,10926000.0,2595604000.0,,218915000.0,27199360000.0,615015000.0,58029000.0,,1505479000.0,802682000.0,130677000.0,889063000.0,,730147000.0,578938000.0,,39538664000.0,3478746000.0,-3890307000.0,467407000.0,6501604000.0,31828189000.0,36773873000.0,1405676000.0,28660000.0,1624591000.0,2722290000.0,130677000.0,-1500000.0,806246000.0,,3160207000.0,-122813000.0,11297000.0,,,
2021-12-31,SKBNK.IS,37432707000.0,-57270000.0,1466000.0,10373070000.0,1622958000.0,,,0.0,-583096000.0,-2187605000.0,1860000000.0,30315000.0,332538000.0,141461000.0,,0.0,,,2253481000.0,483778000.0,53050000.0,137665000.0,,,340000000.0,,4662283000.0,6069987000.0,85976000.0,-364729000.0,414715000.0,414715000.0,430728000.0,19176000.0,3142487000.0,,491783000.0,33311049000.0,1969000000.0,163763000.0,,2409917000.0,996353000.0,287312000.0,1745813000.0,,1131374000.0,765345000.0,,54045003000.0,-127517000.0,-2306247000.0,762911000.0,12780489000.0,43225731000.0,50678875000.0,1792013000.0,-8005000.0,2283796000.0,3280152000.0,287312000.0,-1500000.0,3293811000.0,,238712000.0,-63122000.0,49553000.0,,,
2018-12-31,SOKM.IS,2484528147.0,-324207194.0,,354087758.0,261995796.0,197125868.0,-241302590.0,312185396.0,-84710550.0,41618890.0,611928571.0,9142365410.0,270915382.0,200403771.0,-547114.0,413458781.0,,,2918406450.0,-248221485.0,-315803135.0,105763397.0,-640888484.0,872461203.0,,2577984361.0,,,1165536.0,-1380391250.0,66598899.0,66598899.0,67581650.0,73179702.0,-422882506.0,,413458781.0,284295810.0,2910285.0,79576565.0,,46945073.0,32156309.0,-614343691.0,977595003.0,,464028052.0,2472791360.0,,3261931527.0,87855376.0,491919684.0,-317779264.0,1315334721.0,2845118009.0,2998942504.0,11647313079.0,-661680266.0,12060771860.0,261823487.0,-814133136.0,-77139925.0,,578942596.0,-909948290.0,18928318.0,,,-199789445.0,
2019-12-31,SOKM.IS,3395061181.0,-343844255.0,,431286166.0,77198408.0,-4676278.0,-456546818.0,920738511.0,618757336.0,9879892.0,611928571.0,12337828503.0,218626726.0,598502429.0,,864310992.0,,,3714134719.0,-243890899.0,54438823.0,106196777.0,-1018019701.0,1329732797.0,,9558118.0,,,1478495.0,-405569236.0,-298637678.0,-298637678.0,-298329722.0,79492213.0,-713632691.0,,864310992.0,238362115.0,5363214.0,87374629.0,,45853307.0,28409875.0,-579720335.0,2923717413.0,,129679773.0,2821413852.0,,5707800914.0,-969031491.0,1388017394.0,-341787495.0,1860432013.0,4290295414.0,5734665737.0,15187652230.0,-1108201891.0,16051963222.0,-28343318.0,-769951662.0,-77139925.0,,579092596.0,-573020373.0,9703022.0,,,,
2020-12-31,SOKM.IS,4600841407.0,-506150301.0,,1149089432.0,717803266.0,-32229361.0,-793599682.0,1227566920.0,634353825.0,142661952.0,611928571.0,16356508393.0,197621010.0,697508002.0,,1367178055.0,,,4997327004.0,293860009.0,21948383.0,112862989.0,-1043468281.0,2090253657.0,,9506776.0,,,778842.0,-371049003.0,272612688.0,272612688.0,271911626.0,116718307.0,-438836549.0,,1367178055.0,225200842.0,6567981.0,171821348.0,,101999481.0,99938756.0,-580377445.0,3467628145.0,,402292461.0,3530210193.0,,7761829776.0,-938512866.0,2148874344.0,-492558212.0,3377045204.0,5746230609.0,7507931898.0,19986657342.0,-1073318046.0,21353835397.0,253119036.0,-761101996.0,-77139925.0,,579092596.0,-576970639.0,24805208.0,,,,
2021-12-31,SOKM.IS,5321360305.0,-777008730.0,,1343778022.0,194688590.0,5805552.0,-781492628.0,670096252.0,1053451304.0,31545218.0,611928571.0,21809372870.0,232641139.0,833823468.0,,1465709873.0,,,6602439242.0,300901021.0,-18022654.0,124581790.0,-1103449079.0,2849358576.0,,,,,-4625424.0,-405940509.0,324323116.0,324323116.0,318923675.0,110784585.0,-203159124.0,,1465709873.0,267309097.0,43352935.0,533836115.0,,122242987.0,409449375.0,-580164410.0,4394091375.0,,649475652.0,4727279994.0,,9734829839.0,-1281719401.0,2137552282.0,-661144291.0,4369754981.0,7065781281.0,9238940001.0,26946102239.0,-1164808852.0,28411812112.0,500515262.0,-760888961.0,-77139925.0,,579092596.0,-798638967.0,132637928.0,,,,
2018-12-31,TAVHL.IS,46433000.0,-90192000.0,220286000.0,552536000.0,207943000.0,-22814000.0,751000.0,-304000.0,-118182000.0,25291000.0,162384000.0,318283000.0,29167000.0,113859000.0,184952000.0,169424000.0,,,379062000.0,107734000.0,26529000.0,1577540000.0,-68903000.0,9176000.0,-381140000.0,,968296000.0,492665000.0,-6113000.0,298097000.0,255178000.0,255178000.0,81205000.0,189953000.0,-675595000.0,,169424000.0,107572000.0,143221000.0,57430000.0,,611217000.0,101294000.0,-158105000.0,231336000.0,,813360000.0,25403000.0,102292000.0,3451311000.0,270296000.0,411639000.0,-473992000.0,906218000.0,830393000.0,2419499000.0,527921000.0,-61690000.0,697345000.0,1037925000.0,-158105000.0,-82829000.0,352877000.0,135980000.0,55028000.0,-3328000.0,,3113000.0,-4282000.0,
2019-12-31,TAVHL.IS,433659000.0,-416434000.0,330200000.0,3882681000.0,545100000.0,363526000.0,1268000.0,63921000.0,-977313000.0,-1928946000.0,363281000.0,2594786000.0,176971000.0,974533000.0,1902335000.0,1138590000.0,,,2161418000.0,758594000.0,245513000.0,10610673000.0,-622285000.0,59414000.0,-50000000.0,,4031243000.0,2616499000.0,-64566000.0,226767000.0,2368497000.0,2368497000.0,513081000.0,2545508000.0,-2752446000.0,,1138590000.0,2486129000.0,580484000.0,1271834000.0,,6397517000.0,-8335000.0,3619938000.0,1758160000.0,,4460516000.0,1031163000.0,910235000.0,25556843000.0,-986224000.0,881596000.0,296851000.0,7169674000.0,5994319000.0,16847474000.0,3617614000.0,-379996000.0,4756204000.0,8773935000.0,3619938000.0,-757587000.0,352877000.0,915708000.0,-455404000.0,722008000.0,,,-4282000.0,
2020-12-31,TAVHL.IS,46352000.0,-30180000.0,220286000.0,604298000.0,21482000.0,31604000.0,920000.0,-2087000.0,97029000.0,101009000.0,40329000.0,203658000.0,32216000.0,57077000.0,-6783000.0,-39637000.0,,,97748000.0,-274643000.0,3495000.0,1580830000.0,-66943000.0,7127000.0,-50000000.0,,594978000.0,337129000.0,11906000.0,140563000.0,-284917000.0,-284917000.0,-278138000.0,326135000.0,-795096000.0,,-39637000.0,167091000.0,77902000.0,23543000.0,,682905000.0,69640000.0,4898000.0,248312000.0,,661558000.0,8119000.0,424174000.0,3555123000.0,85705000.0,3184000.0,-67407000.0,1084706000.0,1282143000.0,2620428000.0,341043000.0,-235006000.0,301406000.0,922789000.0,616000.0,-55644000.0,,137055000.0,5068000.0,7894000.0,50000000.0,,-4282000.0,
2021-12-31,TAVHL.IS,42235000.0,-21323000.0,220286000.0,92939000.0,-511396000.0,-9123000.0,753000.0,4365000.0,-42896000.0,164056000.0,24080000.0,287140000.0,18468000.0,74306000.0,-1321000.0,72543000.0,,,234924000.0,82740000.0,31465000.0,1693094000.0,-90305000.0,20740000.0,50000000.0,,971242000.0,319197000.0,14951000.0,-195183000.0,44721000.0,44721000.0,51275000.0,145157000.0,-910833000.0,,72543000.0,342505000.0,158839000.0,22906000.0,,920969000.0,73262000.0,42975000.0,429251000.0,,712643000.0,12882000.0,168380000.0,3444729000.0,-304042000.0,238113000.0,-445467000.0,447241000.0,487363000.0,2434076000.0,449521000.0,10197000.0,522064000.0,995702000.0,38693000.0,,,213441000.0,-108859000.0,-169032000.0,,,,
2018-12-31,TKFEN.IS,2863769000.0,-189339000.0,300984000.0,4581600000.0,1595767000.0,238519000.0,-390136000.0,742197000.0,76573000.0,-14389000.0,370000000.0,10345534000.0,127232000.0,189906000.0,,1390395000.0,,,1801637000.0,1641377000.0,239850000.0,35116000.0,-82821000.0,1370565000.0,-204630000.0,,221342000.0,413159000.0,56808000.0,-409715000.0,1403061000.0,1403061000.0,1401527000.0,2037392000.0,4252575000.0,,1390395000.0,595500000.0,504158000.0,2726146000.0,,626541000.0,-107188000.0,477121000.0,1989226000.0,2948000.0,3219482000.0,515482000.0,152774000.0,12035520000.0,-658408000.0,2245731000.0,-321616000.0,8922623000.0,6762257000.0,7611125000.0,10756776000.0,250982000.0,12147171000.0,4367587000.0,477121000.0,-248693000.0,330060000.0,79896000.0,,139660000.0,132101000.0,,,
2019-12-31,TKFEN.IS,3330480000.0,-256562000.0,300984000.0,4094625000.0,-486975000.0,-967315000.0,108122000.0,-403779000.0,123249000.0,203138000.0,370000000.0,12204333000.0,155943000.0,287374000.0,,1697108000.0,,,2399021000.0,1777007000.0,362148000.0,45035000.0,-71296000.0,1448934000.0,-157381000.0,,183331000.0,497465000.0,68190000.0,-495440000.0,1420750000.0,1420750000.0,1414859000.0,2907160000.0,5322221000.0,,1697108000.0,651562000.0,495527000.0,2375244000.0,,305691000.0,-59527000.0,558538000.0,2190388000.0,5197000.0,4199158000.0,756243000.0,186851000.0,12663148000.0,-946412000.0,771539000.0,-393081000.0,9217274000.0,6645129000.0,7166278000.0,12906246000.0,79899000.0,14603354000.0,5428680000.0,558538000.0,-450972000.0,80979000.0,61424000.0,,14582000.0,12782000.0,,,
2020-12-31,TKFEN.IS,3418087000.0,-494529000.0,300984000.0,3259116000.0,-835509000.0,-30494000.0,-596448000.0,-623590000.0,-102341000.0,14778000.0,370000000.0,10820851000.0,111413000.0,309171000.0,,157245000.0,,,908928000.0,229474000.0,296872000.0,44257000.0,-116616000.0,2033545000.0,-780755000.0,,240655000.0,1530738000.0,80761000.0,1284311000.0,-60125000.0,-60125000.0,-67398000.0,2942466000.0,5594044000.0,,157245000.0,597287000.0,418130000.0,1695590000.0,,359008000.0,-67442000.0,1359187000.0,2639716000.0,22201000.0,3699968000.0,796924000.0,178450000.0,13917033000.0,899073000.0,-1089049000.0,-1250087000.0,9013197000.0,7474512000.0,8106133000.0,11572534000.0,72229000.0,11729779000.0,5730139000.0,1359187000.0,-385238000.0,604554000.0,91838000.0,,63766000.0,82118000.0,,,
2021-12-31,TKFEN.IS,6832598000.0,-489271000.0,300984000.0,5064108000.0,1804992000.0,-1954779000.0,-1925399000.0,3878301000.0,-682135000.0,-52597000.0,370000000.0,14946713000.0,436525000.0,431230000.0,,367248000.0,,,1276255000.0,1129044000.0,299654000.0,55012000.0,-159577000.0,3952236000.0,249065000.0,,294782000.0,1961910000.0,129823000.0,27930000.0,839228000.0,839228000.0,829390000.0,5203270000.0,7444938000.0,,367248000.0,889908000.0,552167000.0,2587245000.0,,790044000.0,-142721000.0,2414328000.0,3503719000.0,28221000.0,4510325000.0,1023507000.0,52065000.0,21913573000.0,-43152000.0,533849000.0,-136551000.0,15407337000.0,13073283000.0,14188113000.0,15855720000.0,761796000.0,16222968000.0,7595637000.0,2414328000.0,-71082000.0,1450846000.0,95687000.0,,20684000.0,51845000.0,,,
2018-12-31,TKNSA.IS,771335000.0,-23676000.0,,26987000.0,-45716000.0,-6871000.0,-74181000.0,102198000.0,111187000.0,-18981000.0,110000000.0,2838323000.0,41498000.0,32013000.0,,152318000.0,,,638697000.0,-54486000.0,10123000.0,26999000.0,-140627000.0,493641000.0,,275655000.0,,,,8500000.0,-64609000.0,-64609000.0,-64609000.0,65775000.0,-130077000.0,,152318000.0,51273000.0,1127000.0,32738000.0,,8270000.0,-29369000.0,30639000.0,89584000.0,,-243717000.0,516027000.0,,760425000.0,-89588000.0,80756000.0,-36884000.0,592569000.0,855233000.0,863503000.0,3324702000.0,-206804000.0,3477020000.0,-103078000.0,30639000.0,,-1312000.0,,-98088000.0,187000.0,,,,
2019-12-31,TKNSA.IS,1224807000.0,-23931000.0,,37267000.0,10280000.0,-464000.0,-367524000.0,455498000.0,184427000.0,-28371000.0,110000000.0,3429679000.0,70917000.0,133298000.0,,50992000.0,,,707292000.0,-177887000.0,-29253000.0,35813000.0,-110154000.0,860456000.0,,275655000.0,,,,-77870000.0,-148634000.0,-148634000.0,-148634000.0,66362000.0,-287665000.0,,50992000.0,100662000.0,24892000.0,28321000.0,,9971000.0,124229000.0,30498000.0,381635000.0,,-392350000.0,532071000.0,,1512576000.0,-181192000.0,228230000.0,-35446000.0,994466000.0,1481539000.0,1764428000.0,4085979000.0,-228879000.0,4136971000.0,-251852000.0,30498000.0,,-1312000.0,,-103322000.0,124000.0,,,,
2020-12-31,TKNSA.IS,1373981000.0,-22268000.0,,392201000.0,354934000.0,-37208000.0,-197080000.0,153724000.0,235754000.0,4932000.0,110000000.0,4684718000.0,45165000.0,118814000.0,,277204000.0,,,921801000.0,111208000.0,25912000.0,39642000.0,-103073000.0,1059962000.0,,275655000.0,,,,120863000.0,85296000.0,85296000.0,85296000.0,103297000.0,-205188000.0,,277204000.0,75395000.0,4947000.0,37458000.0,,14217000.0,74441000.0,31508000.0,280172000.0,,-307054000.0,570156000.0,,1960650000.0,11226000.0,364232000.0,-25378000.0,1565441000.0,1943979000.0,2126196000.0,5329315000.0,-165996000.0,5606519000.0,-165546000.0,31508000.0,,4854000.0,,-109637000.0,12024000.0,,,,
2021-12-31,TKNSA.IS,2404021000.0,-55276000.0,184655000.0,709408000.0,317207000.0,-52618000.0,-660931000.0,1041901000.0,239654000.0,-34492000.0,201000000.0,6263453000.0,37286000.0,141865000.0,,379259000.0,,,1256626000.0,139406000.0,7942000.0,50213000.0,-84014000.0,1719988000.0,,275655000.0,,,,-545549000.0,131464000.0,131464000.0,131464000.0,155925000.0,192769000.0,,379259000.0,76811000.0,29891000.0,52835000.0,,18087000.0,159481000.0,32917000.0,250538000.0,,-175590000.0,717886000.0,,3001096000.0,-447418000.0,806843000.0,-56026000.0,2623534000.0,2626956000.0,2758114000.0,7140820000.0,-239853000.0,7520079000.0,242982000.0,32917000.0,,13808000.0,,-177524000.0,14021000.0,,,,
2018-12-31,TOASO.IS,3293983000.0,-329840000.0,,1981012000.0,-621892000.0,-61168000.0,-21841000.0,-818185000.0,-107067000.0,239396000.0,500000000.0,16582775000.0,941603000.0,412183000.0,,1755183000.0,,,2516146000.0,1290894000.0,-39529000.0,50698000.0,-325154000.0,1076671000.0,209641000.0,,2971301000.0,,,-1231761000.0,1330423000.0,1330423000.0,1330423000.0,2102832000.0,3655857000.0,,1755183000.0,2599373000.0,218997000.0,242783000.0,,226238000.0,16460000.0,-765233000.0,2247601000.0,66441000.0,3971788000.0,678062000.0,2016875000.0,13001799000.0,-2107933000.0,1336612000.0,-206428000.0,7088297000.0,6097705000.0,9295244000.0,17343738000.0,-464289000.0,19098921000.0,3706555000.0,-765233000.0,-800000000.0,355857000.0,,-76172000.0,126807000.0,403180000.0,1528763000.0,,
2019-12-31,TOASO.IS,3884834000.0,-278123000.0,,2825487000.0,858813000.0,118580000.0,318686000.0,318989000.0,242922000.0,415472000.0,500000000.0,16848648000.0,989454000.0,408486000.0,,1701287000.0,,,2514028000.0,1456555000.0,-25084000.0,49344000.0,-346240000.0,749130000.0,403602000.0,,2097486000.0,,,-1822123000.0,1481639000.0,1481639000.0,1481639000.0,2143822000.0,4279865000.0,,1701287000.0,2738864000.0,140149000.0,265023000.0,,249388000.0,51721000.0,-744218000.0,2122859000.0,68651000.0,4573427000.0,692369000.0,1816104000.0,12809287000.0,-2757928000.0,3656536000.0,-170185000.0,6969685000.0,6126477000.0,8480078000.0,17661389000.0,-244732000.0,19362676000.0,4329209000.0,-744218000.0,-880000000.0,130390000.0,,-55805000.0,118880000.0,,1609431000.0,,
2020-12-31,TOASO.IS,7484095000.0,-333331000.0,,4249809000.0,1408247000.0,-428652000.0,-791543000.0,3484671000.0,444305000.0,-3667296000.0,500000000.0,20768724000.0,1099727000.0,393706000.0,,2238896000.0,,,3213608000.0,1830776000.0,46606000.0,49096000.0,-234871000.0,1523966000.0,-434000.0,,3855423000.0,,,1556139000.0,1784170000.0,1784170000.0,1784170000.0,5493012000.0,4419515000.0,,2238896000.0,3078350000.0,158079000.0,415222000.0,,263570000.0,46970000.0,-1188986000.0,2047309000.0,75997000.0,5157597000.0,851745000.0,2770308000.0,19475621000.0,253952000.0,1584410000.0,-696999000.0,12841366000.0,10880734000.0,15007010000.0,21743436000.0,-408120000.0,23982332000.0,4468611000.0,-1188986000.0,-1200000000.0,266884000.0,,-102187000.0,196225000.0,,1831188000.0,,
2021-12-31,TOASO.IS,8768386000.0,-379788000.0,,4214726000.0,-31283000.0,513943000.0,-850445000.0,813537000.0,899582000.0,-3177154000.0,500000000.0,24684546000.0,1145803000.0,496608000.0,,4569599000.0,,,5828463000.0,3512216000.0,230900000.0,52595000.0,-636147000.0,2379087000.0,762000.0,,3614115000.0,,,-1131145000.0,3281316000.0,3281316000.0,3281316000.0,7142346000.0,5690796000.0,,4569599000.0,3106363000.0,266549000.0,662377000.0,,351365000.0,45323000.0,-1695522000.0,1908952000.0,126527000.0,6938913000.0,1087014000.0,3984510000.0,23473341000.0,-2741618000.0,2679899000.0,-760779000.0,16169548000.0,13757789000.0,17729950000.0,25943410000.0,-1057383000.0,30513009000.0,5743391000.0,-1695522000.0,-1500000000.0,791215000.0,,-110473000.0,300841000.0,,1868261000.0,,
2018-12-31,TCELL.IS,2376989000.0,-3165465000.0,35295000.0,7419239000.0,2706906000.0,-438818000.0,-76883000.0,-60235000.0,1234489000.0,-1100124000.0,2200000000.0,14135246000.0,152732000.0,3221612000.0,772436000.0,4440847000.0,,,7157229000.0,2672816000.0,495481000.0,10017338000.0,-552101000.0,180434000.0,-59377000.0,,12092681000.0,19413000.0,131810000.0,1186065000.0,2021065000.0,2021065000.0,2177335000.0,7081733000.0,5871572000.0,,4440847000.0,1592663000.0,2168629000.0,1470962000.0,,1852037000.0,96775000.0,232744000.0,12765918000.0,,13595239000.0,2273217000.0,6648908000.0,42765275000.0,-534383000.0,5829854000.0,-4535569000.0,18337109000.0,11740048000.0,26711721000.0,16851628000.0,-1768031000.0,21292475000.0,15921744000.0,91210000.0,-1900000000.0,1947004000.0,32834000.0,274172000.0,731793000.0,51863000.0,,-94620000.0,
2019-12-31,TCELL.IS,2731419000.0,-3195069000.0,35295000.0,10238715000.0,2819476000.0,-1101232000.0,2035000.0,84897000.0,1795005000.0,827363000.0,2200000000.0,17089543000.0,189342000.0,3761919000.0,772436000.0,5693245000.0,,,8047592000.0,3289884000.0,785630000.0,11275228000.0,-1031314000.0,178399000.0,1896708000.0,,11576091000.0,41701000.0,36455000.0,-3366876000.0,3246487000.0,3246487000.0,2504254000.0,7300065000.0,6738427000.0,,5693245000.0,791481000.0,972398000.0,1175786000.0,,2299112000.0,46013000.0,-20285000.0,14241587000.0,,15975631000.0,2308334000.0,4555079000.0,45714975000.0,-3477957000.0,9880573000.0,-3881344000.0,19332144000.0,12655525000.0,27632031000.0,19443890000.0,-2403361000.0,25137135000.0,18046489000.0,-164437000.0,-1002620000.0,298204000.0,32834000.0,901537000.0,156936000.0,350970000.0,,-9998000.0,
2020-12-31,TCELL.IS,3503607000.0,-3904443000.0,35295000.0,11860555000.0,1621840000.0,-786213000.0,-25316000.0,636093000.0,3596037000.0,477873000.0,2147648000.0,20333553000.0,836608000.0,4207294000.0,,6214279000.0,,,8770185000.0,4626813000.0,387193000.0,12327774000.0,-1000511000.0,203715000.0,-70383000.0,,14831972000.0,103926000.0,171000.0,-4634557000.0,4237086000.0,4237086000.0,4239620000.0,6623968000.0,8416983000.0,,6214279000.0,2160407000.0,981363000.0,1526337000.0,,2794508000.0,453480000.0,-651357000.0,16282904000.0,,19401095000.0,2102426000.0,2103028000.0,51498393000.0,-4267813000.0,14087694000.0,-7775535000.0,20583372000.0,11565262000.0,30713455000.0,22889459000.0,-1587466000.0,29103738000.0,20784767000.0,-799271000.0,-805390000.0,-422506000.0,40010000.0,1182128000.0,-524637000.0,701973000.0,,-9994000.0,
2021-12-31,TCELL.IS,4676716000.0,-5568300000.0,35295000.0,18628665000.0,6759326000.0,-1146950000.0,-56820000.0,139106000.0,10832660000.0,-880061000.0,2147648000.0,25217555000.0,1799612000.0,4931979000.0,,7548591000.0,,,10702987000.0,4541094000.0,-490184000.0,14613358000.0,-1198628000.0,260535000.0,-826667000.0,,25916910000.0,2055229000.0,247000.0,-1061858000.0,5031098000.0,5031098000.0,5031278000.0,8069161000.0,7900246000.0,,7548591000.0,3467602000.0,2323272000.0,1627148000.0,,3099305000.0,484309000.0,-1339267000.0,20986427000.0,,21846406000.0,2670087000.0,4085835000.0,70682643000.0,-3942240000.0,21171108000.0,-10361547000.0,29511606000.0,17091346000.0,48120371000.0,28371951000.0,-3007497000.0,35920542000.0,22562025000.0,-1467324000.0,-2565930000.0,-107995000.0,48421000.0,-314452000.0,-55796000.0,55330000.0,,,
2018-12-31,TUPRS.IS,7496141000.0,-941063000.0,,5982828000.0,-3039655000.0,-403568000.0,-1560264000.0,-719275000.0,1691767000.0,-1991965000.0,250419000.0,79327847000.0,3566132000.0,611581000.0,,8564445000.0,,,9224323000.0,3724380000.0,-37065000.0,36947000.0,-1309157000.0,6831826000.0,224000000.0,,13878379000.0,1434600000.0,121200000.0,-2053187000.0,3712789000.0,3712789000.0,3761445000.0,6849134000.0,9787682000.0,,8564445000.0,5262808000.0,1041565000.0,2792735000.0,,261981000.0,-528744000.0,-475146000.0,12339167000.0,21061000.0,10049356000.0,1167561000.0,3016346000.0,40035727000.0,-6593759000.0,1351978000.0,-715982000.0,20962205000.0,15949538000.0,30089898000.0,79987725000.0,-4840065000.0,88552170000.0,9824629000.0,-475146000.0,-3406452000.0,2918108000.0,,-1134120000.0,,,21238000.0,,
2019-12-31,TUPRS.IS,17816174000.0,-1337367000.0,,10652009000.0,4187715000.0,656894000.0,-2615981000.0,10348504000.0,1748093000.0,-34875000.0,250419000.0,84716489000.0,3767503000.0,697328000.0,,3087099000.0,,,4884287000.0,-311348000.0,-896678000.0,32203000.0,-2010263000.0,9562376000.0,96000000.0,,13749385000.0,1461518000.0,173705000.0,-1064074000.0,525837000.0,525837000.0,585330000.0,5667504000.0,12930632000.0,,3087099000.0,5563466000.0,1628785000.0,3392074000.0,,324710000.0,155857000.0,5931074000.0,20535416000.0,24073000.0,6781342000.0,1617258000.0,3425203000.0,55511558000.0,-6790553000.0,11334588000.0,-1240172000.0,27918955000.0,28120266000.0,42375018000.0,86513677000.0,-3398447000.0,89600776000.0,12962835000.0,5931074000.0,-3793851000.0,883852000.0,,-1932628000.0,,,19541000.0,,
2020-12-31,TUPRS.IS,14137468000.0,-1082896000.0,,19825292000.0,8765382000.0,3056261000.0,1767951000.0,-3707698000.0,1136690000.0,1612079000.0,250419000.0,61479585000.0,5002427000.0,732829000.0,,-117320000.0,,,1764230000.0,-3795394000.0,-1372469000.0,29541000.0,-1753615000.0,7790285000.0,116304000.0,,20589757000.0,1418069000.0,226124000.0,6423188000.0,-2493511000.0,-2493511000.0,-2422925000.0,1790374000.0,11416860000.0,,-117320000.0,6982872000.0,765522000.0,3731363000.0,,366656000.0,22137000.0,6908151000.0,22074894000.0,34972000.0,4287831000.0,1824441000.0,6438888000.0,61168522000.0,4958947000.0,2114010000.0,-942404000.0,30663146000.0,28340528000.0,49495997000.0,63361135000.0,-3678074000.0,63243815000.0,11446401000.0,6908151000.0,,2634829000.0,,-1464241000.0,,,32828000.0,,
2021-12-31,TUPRS.IS,43704239000.0,-1325073000.0,,20400235000.0,-1367148000.0,-11819424000.0,-16055232000.0,29569424000.0,-1345550000.0,-3862197000.0,250419000.0,135520941000.0,6377848000.0,776753000.0,,13008005000.0,,,15450643000.0,2161179000.0,-1274996000.0,34949000.0,-2527911000.0,23815993000.0,78307000.0,,20018961000.0,2199758000.0,270307000.0,-7027879000.0,3319134000.0,3319134000.0,3436175000.0,13614345000.0,17522261000.0,,13008005000.0,8400923000.0,6098121000.0,7086879000.0,,458221000.0,-587607000.0,9699826000.0,26470619000.0,38966000.0,7606965000.0,2991279000.0,10875568000.0,102535001000.0,-11501460000.0,593625000.0,-1076856000.0,65428752000.0,64001571000.0,84707484000.0,137963579000.0,-10846826000.0,150971584000.0,17557210000.0,9699826000.0,,10617543000.0,,-4473581000.0,,,31852000.0,,
2018-12-31,THYAO.IS,5375000000.0,-5400000000.0,,8606000000.0,1474000000.0,103000000.0,14000000.0,1055000000.0,2380000000.0,-3238000000.0,1380000000.0,49212000000.0,,5254000000.0,,6723000000.0,,,13641000000.0,5234000000.0,1189000000.0,429000000.0,-1347000000.0,1000000000.0,-1828000000.0,,6487000000.0,2338000000.0,3000000.0,3930000000.0,4045000000.0,4045000000.0,4045000000.0,4490000000.0,30787000000.0,,6723000000.0,9319000000.0,5961000000.0,6597000000.0,,7204000000.0,-450000000.0,17591000000.0,73219000000.0,,12310000000.0,7368000000.0,1702000000.0,109076000000.0,2888000000.0,9613000000.0,-11027000000.0,23706000000.0,27246000000.0,77792000000.0,56130000000.0,-1489000000.0,62853000000.0,31281000000.0,17591000000.0,,,65000000.0,-1042000000.0,-3874000000.0,2033000000.0,226000000.0,,
2019-12-31,THYAO.IS,6708000000.0,-5751000000.0,,12328000000.0,3722000000.0,176000000.0,-567000000.0,1614000000.0,-1831000000.0,478000000.0,1380000000.0,61937000000.0,,8624000000.0,,4865000000.0,,,13181000000.0,5056000000.0,520000000.0,489000000.0,-1492000000.0,1723000000.0,599000000.0,,10218000000.0,2723000000.0,3000000.0,-2381000000.0,4535000000.0,4535000000.0,4536000000.0,4794000000.0,40229000000.0,,4865000000.0,12712000000.0,6428000000.0,6849000000.0,,9683000000.0,-1294000000.0,22668000000.0,102534000000.0,,16744000000.0,9610000000.0,3116000000.0,146871000000.0,-3794000000.0,13029000000.0,-5513000000.0,28339000000.0,35417000000.0,106076000000.0,70253000000.0,191000000.0,75118000000.0,40792000000.0,22668000000.0,,,74000000.0,-1413000000.0,-460000000.0,2288000000.0,329000000.0,,
2020-12-31,THYAO.IS,6322000000.0,-8000000000.0,,13293000000.0,965000000.0,-2224000000.0,-102000000.0,-5193000000.0,7674000000.0,-602000000.0,1380000000.0,43628000000.0,3000000.0,11638000000.0,,-1905000000.0,,,2820000000.0,-6101000000.0,-513000000.0,653000000.0,-2040000000.0,2236000000.0,2661000000.0,,19677000000.0,2429000000.0,9000000.0,-218000000.0,-5588000000.0,-5588000000.0,-5588000000.0,7103000000.0,38758000000.0,,-1905000000.0,14674000000.0,7147000000.0,5213000000.0,,10518000000.0,-1283000000.0,26966000000.0,138896000000.0,,11156000000.0,6008000000.0,8941000000.0,187402000000.0,-1536000000.0,5603000000.0,-3102000000.0,30659000000.0,47379000000.0,147891000000.0,48353000000.0,-4196000000.0,46448000000.0,39502000000.0,26966000000.0,,,91000000.0,-1318000000.0,2141000000.0,,437000000.0,,
2021-12-31,THYAO.IS,11896000000.0,-7538000000.0,,35679000000.0,22386000000.0,4634000000.0,385000000.0,6161000000.0,12699000000.0,1797000000.0,1380000000.0,75057000000.0,14000000.0,15473000000.0,,13177000000.0,,,22321000000.0,9191000000.0,977000000.0,1088000000.0,-3214000000.0,3481000000.0,-5000000.0,,31152000000.0,4335000000.0,10000000.0,-20058000000.0,8213000000.0,8213000000.0,8214000000.0,14541000000.0,89386000000.0,,13177000000.0,22746000000.0,11029000000.0,18942000000.0,,26968000000.0,-524000000.0,69890000000.0,259576000000.0,,19370000000.0,9668000000.0,19479000000.0,353708000000.0,-22346000000.0,49362000000.0,-4630000000.0,65797000000.0,90443000000.0,263058000000.0,84201000000.0,-3986000000.0,97378000000.0,90640000000.0,69890000000.0,,,166000000.0,-2288000000.0,2186000000.0,,779000000.0,,
2018-12-31,TTKOM.IS,2389421000.0,-4065306000.0,,4494536000.0,209988000.0,-781840000.0,-50357000.0,-339332000.0,5919360000.0,514602000.0,3500000000.0,11239312000.0,896513000.0,3190657000.0,,4824914000.0,,,9191588000.0,-2022281000.0,-631020000.0,9593565000.0,-1050389000.0,248852000.0,-155000.0,,13243084000.0,48476000.0,,-2392721000.0,-1391261000.0,-1391261000.0,-1391261000.0,5308367000.0,-2184906000.0,,4824914000.0,1321260000.0,576581000.0,2104205000.0,,2003502000.0,-32871000.0,1699902000.0,14254053000.0,147779000.0,2253701000.0,4251766000.0,6707528000.0,36198511000.0,-3301596000.0,7588935000.0,-4125950000.0,10936213000.0,13496359000.0,28744908000.0,15605986000.0,-6847195000.0,20430900000.0,7453603000.0,1699902000.0,-601650000.0,48599000.0,44944000.0,-908875000.0,,,144530000.0,,
2019-12-31,TTKOM.IS,2789848000.0,-2314843000.0,,4946070000.0,519566000.0,-983812000.0,677000.0,533596000.0,4482731000.0,26735000.0,3500000000.0,12278718000.0,1076742000.0,4106652000.0,,6407199000.0,,,11378390000.0,2734758000.0,327975000.0,10150005000.0,-2280441000.0,252042000.0,-2698000.0,,13746939000.0,50094000.0,,-4228739000.0,2406783000.0,2406783000.0,2406783000.0,5955460000.0,-752096000.0,,6407199000.0,1511854000.0,765892000.0,2070639000.0,,2225250000.0,-3431000.0,1282369000.0,16075184000.0,166491000.0,4660484000.0,4808131000.0,4747330000.0,39909286000.0,-5901516000.0,11182695000.0,-4806662000.0,12077205000.0,13693647000.0,30466433000.0,17249909000.0,-3672441000.0,23657108000.0,9442853000.0,1282369000.0,-601650000.0,45049000.0,44944000.0,-1672777000.0,,,132848000.0,,
2020-12-31,TTKOM.IS,3752967000.0,-3045870000.0,,5007927000.0,-47541000.0,-776443000.0,-4240000.0,1028569000.0,4578905000.0,314862000.0,3500000000.0,15652873000.0,1288525000.0,4646144000.0,,7574055000.0,,,12636002000.0,3801941000.0,624068000.0,11926912000.0,-2301262000.0,248966000.0,-3263000.0,,14561182000.0,50666000.0,,-5387993000.0,3177873000.0,3177873000.0,3177873000.0,6331688000.0,65520000.0,,7574055000.0,1799467000.0,1500457000.0,1847354000.0,,2990606000.0,58296000.0,1423876000.0,17611066000.0,247105000.0,7113500000.0,4756546000.0,2899780000.0,44722520000.0,-7029505000.0,13638518000.0,-6762468000.0,13289465000.0,14228270000.0,32685144000.0,20714820000.0,-3772114000.0,28288875000.0,12037376000.0,1423876000.0,-601650000.0,105914000.0,44944000.0,-1039862000.0,,,165599000.0,,
2021-12-31,TTKOM.IS,6066072000.0,-4099756000.0,,7696870000.0,1974768000.0,-1281166000.0,-192151000.0,2163438000.0,3190709000.0,-130537000.0,3500000000.0,19373823000.0,2362407000.0,5446199000.0,,9411698000.0,,,14899111000.0,5620842000.0,-140612000.0,14063826000.0,-2173618000.0,439933000.0,-7555000.0,,22187988000.0,53651000.0,,-4936671000.0,5761454000.0,5761454000.0,5761454000.0,7650646000.0,141134000.0,,9411698000.0,2843194000.0,3880598000.0,1899935000.0,,3052582000.0,-163800000.0,24727000.0,20552639000.0,273817000.0,10725177000.0,5377396000.0,5725749000.0,58337635000.0,-6790626000.0,15681072000.0,-7393088000.0,20779381000.0,17997064000.0,44087731000.0,24861236000.0,-3790856000.0,34272934000.0,14249904000.0,24727000.0,-1872535000.0,477410000.0,44944000.0,18580000.0,,,223242000.0,,
2018-12-31,TTRAK.IS,512580726.0,-235679260.0,,412668530.0,-32904831.0,360052991.0,-514071722.0,-199574139.0,189307271.0,-58178947.0,53369000.0,3192105745.0,68763051.0,87205618.0,,568541857.0,,,716837768.0,256383584.0,16276935.0,54583303.0,-310655100.0,1084438951.0,,,1303202597.0,,,521939692.0,240106649.0,240106649.0,240106649.0,509090703.0,597274419.0,,568541857.0,285913772.0,155237944.0,77120245.0,,55898409.0,-154712332.0,-56811275.0,590236861.0,18263385.0,655299997.0,284744858.0,384502921.0,3093253588.0,85507825.0,104847721.0,-224624452.0,2162519652.0,1082294860.0,2441395866.0,3340401656.0,-312158273.0,3908943513.0,651857722.0,-56811275.0,-300000000.0,1364075.0,,-136431867.0,1004179.0,,214163358.0,,
2019-12-31,TTRAK.IS,608844043.0,-136894791.0,,746806508.0,337137585.0,-17754682.0,451793303.0,87461052.0,150599149.0,149998704.0,53369000.0,3257839047.0,71324643.0,125105198.0,,384288413.0,,,548635586.0,109257672.0,-2635794.0,56321798.0,-341901656.0,631694053.0,,,979761447.0,,,-438341419.0,111893466.0,111893466.0,111893466.0,522486532.0,707692467.0,,384288413.0,313063665.0,34130325.0,58534500.0,,57307423.0,-133886405.0,-56548198.0,610554774.0,31033484.0,767193463.0,267200094.0,388047179.0,2915771429.0,-597959154.0,1059096190.0,-129911612.0,1935831192.0,1095038334.0,2151757164.0,3422186220.0,-275030741.0,3806474633.0,764014265.0,-56548198.0,-100000000.0,5912161.0,,-159617735.0,574133.0,,239396412.0,,
2020-12-31,TTRAK.IS,1478165012.0,-129702839.0,,1890430861.0,1130617517.0,-342664710.0,-202661286.0,988633526.0,241112942.0,9259798.0,53369000.0,4935311548.0,4156834.0,129088130.0,,1032953719.0,,,1307996749.0,873710656.0,97267613.0,63477360.0,-196865492.0,870863728.0,,,1026898224.0,,,-191252870.0,776443043.0,776443043.0,776443043.0,841468388.0,1377689077.0,,1032953719.0,280165930.0,65093377.0,244774683.0,,84006305.0,-102143836.0,-55839069.0,579612713.0,39482108.0,1443636506.0,337704758.0,167824796.0,4592005561.0,-335742822.0,1599211443.0,-125416337.0,3668749558.0,2025020133.0,3150839124.0,5210354578.0,-159243063.0,6243308297.0,1441166437.0,-55839069.0,-100000000.0,-7434767.0,,-44489952.0,174313.0,,273268155.0,,
2021-12-31,TTRAK.IS,2409463644.0,-322891883.0,,1566586803.0,-316263731.0,-468867938.0,-868184738.0,948109863.0,4837419.0,-255321576.0,53369000.0,9511285881.0,33622002.0,160556364.0,,1952177288.0,,,2132911564.0,1510233050.0,188045473.0,73397892.0,-621606733.0,1739360491.0,,,537231153.0,,,-272347925.0,1322187577.0,1322187577.0,1322187577.0,1408929260.0,1977596206.0,,1952177288.0,444846570.0,222387904.0,293550912.0,,137630866.0,-376749773.0,81801015.0,652479761.0,51902978.0,1915824083.0,505581071.0,569077930.0,6110646593.0,-1078247103.0,843316971.0,-319476112.0,4939922370.0,3366757709.0,4059652495.0,9692020157.0,-441944238.0,11644197445.0,2050994098.0,81801015.0,-850000000.0,238142513.0,,44100822.0,634177.0,,365179102.0,,
2018-12-31,GARAN.IS,244237777000.0,-1794001000.0,11880000.0,39883233000.0,22745092000.0,,,0.0,3346125000.0,-38199237000.0,4200000000.0,91374000.0,1519177000.0,467000000.0,,0.0,,,19002716000.0,8753758000.0,2047153000.0,409684000.0,,,4403760000.0,,72036218000.0,38738139000.0,197546000.0,4145610000.0,6641652000.0,6641652000.0,6706605000.0,352338000.0,46273224000.0,,8837257000.0,270544761000.0,33538076000.0,11603400000.0,,12608120000.0,5760108000.0,2857791000.0,4494918000.0,,39619625000.0,4405351000.0,,399153601000.0,44744215000.0,-27238666000.0,3816031000.0,84959711000.0,267622421000.0,352266759000.0,10256833000.0,-83499000.0,19094090000.0,46689296000.0,2857791000.0,-1750000000.0,1423512000.0,6388000.0,42348605000.0,6963986000.0,1208216000.0,,,
2019-12-31,GARAN.IS,277277325000.0,-606785000.0,11880000.0,45455353000.0,10308889000.0,,,0.0,10977803000.0,-36440978000.0,4200000000.0,92014000.0,1882010000.0,868371000.0,,0.0,,,18056294000.0,8172268000.0,1930878000.0,473518000.0,,,-1327725000.0,,58363298000.0,43718822000.0,273910000.0,-4051489000.0,6164914000.0,6164914000.0,6241390000.0,201946000.0,53296931000.0,,7040161000.0,286192679000.0,28388429000.0,1251975000.0,,12828455000.0,6467001000.0,3787114000.0,5528299000.0,,45777843000.0,4549132000.0,,428554148000.0,29926954000.0,-19540153000.0,-1550313000.0,92634442000.0,292333045000.0,374503401000.0,11108147000.0,1132107000.0,18148308000.0,53776837000.0,3787114000.0,-623800000.0,1472401000.0,6388000.0,33978443000.0,6963986000.0,1889802000.0,,,
2020-12-31,GARAN.IS,357052886000.0,-1902119000.0,11880000.0,52780473000.0,5534453000.0,,,0.0,8476625000.0,-90896100000.0,5146371000.0,92160000.0,3647725000.0,827496000.0,,0.0,,,23366355000.0,9646408000.0,2910251000.0,618026000.0,,931753000.0,-11050847000.0,,55428935000.0,69909256000.0,247690000.0,5343525000.0,6656096000.0,6656096000.0,6736157000.0,10833953000.0,61922857000.0,,12370002000.0,347710148000.0,35553530000.0,21534259000.0,,12869899000.0,4860259000.0,5259311000.0,8576628000.0,,52156269000.0,6136094000.0,7485686000.0,541974328000.0,86119999000.0,-77861670000.0,-5185227000.0,115127322000.0,409934062000.0,479152807000.0,11088513000.0,-2723594000.0,23458515000.0,62573831000.0,5259311000.0,-623800000.0,2461351000.0,32948000.0,80776474000.0,6963986000.0,,,,
2021-12-31,GARAN.IS,579956795000.0,-2052248000.0,11880000.0,122469009000.0,69688536000.0,,,0.0,-13642329000.0,-196655055000.0,5146371000.0,109950000.0,4460643000.0,1632309000.0,,0.0,,,35487044000.0,18597136000.0,5018549000.0,965644000.0,,585948000.0,-11787635000.0,,71233065000.0,95923858000.0,319527000.0,30897583000.0,13457777000.0,13457777000.0,13578587000.0,24023015000.0,78966300000.0,,21460597000.0,491829835000.0,77777001000.0,31111568000.0,,19017937000.0,5956672000.0,9744922000.0,9601382000.0,,65061719000.0,8069775000.0,19031744000.0,851568850000.0,253176840000.0,-194715666000.0,-9234029000.0,253215183000.0,679918322000.0,771284431000.0,14136397000.0,-2863461000.0,35596994000.0,79964892000.0,9744922000.0,-623800000.0,20461391000.0,32948000.0,222903057000.0,3630458000.0,,,,
2018-12-31,HALKB.IS,250581937000.0,-1091076000.0,39740000.0,21605995000.0,-3673606000.0,,,0.0,-6097053000.0,-48693833000.0,1250000000.0,59724000.0,98345000.0,253583000.0,10130000.0,0.0,,,10922417000.0,3032795000.0,361833000.0,183411000.0,,,-17111105000.0,7000000000.0,72776639000.0,60541158000.0,246641000.0,5790630000.0,2656647000.0,2656647000.0,2670962000.0,26043000.0,29111188000.0,,3006562000.0,266489508000.0,34287087000.0,739702000.0,,28053206000.0,4789357000.0,3520314000.0,3424626000.0,,24484545000.0,3126498000.0,,388221676000.0,61306001000.0,-51923095000.0,-18289736000.0,57582973000.0,257850506000.0,358680436000.0,7975579000.0,26233000.0,10982141000.0,29294599000.0,3520314000.0,-186274000.0,5233224000.0,,55701645000.0,-14343000.0,453802000.0,,,
2019-12-31,HALKB.IS,300689058000.0,-557443000.0,39773000.0,24608280000.0,849105000.0,,,0.0,-4066505000.0,-33969211000.0,1250000000.0,69920000.0,52340000.0,513264000.0,193535000.0,0.0,,,9042078000.0,2406259000.0,306921000.0,205259000.0,,,-22338478000.0,7000000000.0,94360674000.0,88359046000.0,287253000.0,7577393000.0,2267608000.0,2267608000.0,2099338000.0,8071000.0,31704876000.0,,2374757000.0,317526510000.0,18190446000.0,4517604000.0,,28034807000.0,3340044000.0,3881003000.0,4443791000.0,,26739359000.0,3327277000.0,,468631827000.0,57878492000.0,-37023681000.0,-22359553000.0,58097221000.0,313455837000.0,436434439000.0,6737241000.0,31502000.0,9111998000.0,31910135000.0,3881003000.0,,2353847000.0,,50301099000.0,-93092000.0,13561277000.0,,,
2020-12-31,HALKB.IS,468063466000.0,-936919000.0,5815863000.0,43253042000.0,18658754000.0,,,0.0,334534000.0,-103309387000.0,2473776000.0,73460000.0,42101000.0,662074000.0,938770000.0,0.0,,,11978526000.0,3505598000.0,752503000.0,638708000.0,,,-49813231000.0,7000000000.0,145511157000.0,146113589000.0,263380000.0,-6565698000.0,3684642000.0,3684642000.0,2753095000.0,342523000.0,41876813000.0,,3486203000.0,457122493000.0,25056828000.0,778413000.0,,32585424000.0,4334244000.0,3539054000.0,5616522000.0,,30686828000.0,4158079000.0,,696214650000.0,167855897000.0,-98046576000.0,-49553545000.0,86723338000.0,474474556000.0,653435749000.0,8565783000.0,19395000.0,12051986000.0,42515521000.0,3539054000.0,,-1597022000.0,,167421595000.0,-563799000.0,15046930000.0,,,
2021-12-31,HALKB.IS,647431402000.0,-1463907000.0,5815863000.0,64007809000.0,20412684000.0,,,0.0,-33462973000.0,-21829558000.0,2473776000.0,107260000.0,231043000.0,1002720000.0,,0.0,,,12357453000.0,1882949000.0,38491000.0,680116000.0,,,-19123704000.0,,37586184000.0,203311246000.0,281684000.0,-5632148000.0,1835971000.0,1835971000.0,1844458000.0,2013000.0,43049571000.0,,1849735000.0,555790012000.0,66530509000.0,949024000.0,,48175174000.0,5219022000.0,2327448000.0,7127524000.0,,33112600000.0,5288696000.0,142703690000.0,931686218000.0,76493383000.0,-61974542000.0,-18137234000.0,164777320000.0,800898070000.0,887674847000.0,10614978000.0,33214000.0,12464713000.0,43729687000.0,2327448000.0,,24031077000.0,,82125531000.0,-270344000.0,24163846000.0,,,
2018-12-31,ISCTR.IS,248981402000.0,-430638000.0,39234000.0,38330218000.0,13350347000.0,,-507119000.0,-253111000.0,9568293000.0,-21311357000.0,4499970000.0,191342000.0,1543870000.0,660298000.0,,0.0,,,21911188000.0,9089296000.0,1517912000.0,847567000.0,,3508957000.0,-5425668000.0,,110991492000.0,70057468000.0,6022995000.0,-2707399000.0,6671823000.0,6671823000.0,7571384000.0,170828000.0,48708327000.0,,7397648000.0,339249958000.0,27660373000.0,1728531000.0,,51000192000.0,9357588000.0,5711955000.0,7104041000.0,,39340709000.0,5155952000.0,11980587000.0,499907357000.0,23625814000.0,-4335482000.0,-6024499000.0,82612349000.0,282300780000.0,444292464000.0,14704882000.0,1691648000.0,22102530000.0,49591868000.0,5711955000.0,-1679172000.0,84514000.0,35974000.0,28012385000.0,-438831000.0,6855647000.0,486116000.0,,
2019-12-31,ISCTR.IS,302791204000.0,-319080000.0,39250000.0,51346117000.0,13099420000.0,,,0.0,10257735000.0,-27832294000.0,4499970000.0,248109000.0,1950997000.0,1003259000.0,,0.0,,,24633676000.0,8453920000.0,1422289000.0,1160750000.0,,,-11810773000.0,,111893368000.0,93617834000.0,7065589000.0,-4222729000.0,6009805000.0,6009805000.0,7031631000.0,23646000.0,57439124000.0,,6750022000.0,372934641000.0,25645861000.0,1586552000.0,,61123523000.0,12257131000.0,8838487000.0,7994765000.0,,45258141000.0,5626523000.0,3030335000.0,565051838000.0,35911943000.0,-11790903000.0,-11931289000.0,89307874000.0,325389204000.0,499350371000.0,18131763000.0,1703898000.0,24881785000.0,58635848000.0,8838487000.0,-130003000.0,909669000.0,35974000.0,40134672000.0,-656217000.0,2515254000.0,,,
2020-12-31,ISCTR.IS,381693393000.0,-813821000.0,124549000.0,57071776000.0,4582937000.0,,,0.0,26591892000.0,-44887526000.0,4499970000.0,265704000.0,3672736000.0,1010888000.0,,0.0,,,32706320000.0,10667103000.0,2915351000.0,1618014000.0,,,-17710879000.0,,131088360000.0,94598740000.0,7413718000.0,-3088442000.0,6655442000.0,6655442000.0,7751752000.0,48923000.0,65793984000.0,,9030418000.0,483041682000.0,41474082000.0,2851982000.0,,81217612000.0,16993240000.0,10379738000.0,8099954000.0,,52443715000.0,6682662000.0,25984647000.0,718152263000.0,37052025000.0,-12217391000.0,-19012653000.0,130757899000.0,430094941000.0,643290543000.0,23941606000.0,1636685000.0,32972024000.0,67447972000.0,10379738000.0,-795739000.0,-1239044000.0,35974000.0,40140467000.0,-752504000.0,19487068000.0,,,
2021-12-31,ISCTR.IS,617679203000.0,-830154000.0,143633000.0,134692660000.0,80001057000.0,,,0.0,10001028000.0,-41613186000.0,4499970000.0,331078000.0,3118976000.0,1256387000.0,,0.0,,,47364604000.0,18949319000.0,3389061000.0,2154031000.0,,,-8975927000.0,,150651639000.0,118097396000.0,9234928000.0,-11633633000.0,13541060000.0,13541060000.0,15560258000.0,74819000.0,84751196000.0,,13215437000.0,695432694000.0,94214227000.0,2561136000.0,,119615266000.0,25916995000.0,17403071000.0,11407024000.0,,64886547000.0,8232172000.0,103388320000.0,1124404073000.0,113589845000.0,-21961543000.0,-10310109000.0,297284934000.0,756767780000.0,1028235894000.0,34480245000.0,5733882000.0,47695682000.0,86933221000.0,17403071000.0,-795739000.0,-1317136000.0,27994000.0,126019217000.0,-922250000.0,35108942000.0,,,
2018-12-31,TSKB.IS,,-4924000.0,516000.0,1393299000.0,881577000.0,,,0.0,1003532000.0,-1722409000.0,2800000000.0,1454000.0,3844000.0,3966000.0,,0.0,,,1031431000.0,913646000.0,250383000.0,3867000.0,,,-318288000.0,20534000.0,32313633000.0,4051396000.0,38622000.0,1318590000.0,670756000.0,670756000.0,663263000.0,3575000.0,4140582000.0,,822941000.0,28639938000.0,2183922000.0,94104000.0,,445480000.0,72869000.0,145181000.0,292651000.0,,1199757000.0,135621000.0,,38269440000.0,1208745000.0,-44477000.0,-328661000.0,5280583000.0,1326251000.0,34085364000.0,209944000.0,90705000.0,1032885000.0,4145454000.0,145181000.0,-109865000.0,45970000.0,1005000.0,20000.0,-2543000.0,420047000.0,,,
2019-12-31,TSKB.IS,,-9698000.0,530000.0,791104000.0,-606023000.0,,,0.0,387822000.0,688504000.0,2800000000.0,2178000.0,39930000.0,6711000.0,,0.0,,,1166759000.0,933473000.0,197332000.0,4069000.0,,,-514344000.0,20534000.0,32499045000.0,3392182000.0,38090000.0,-1897107000.0,730504000.0,730504000.0,736141000.0,255000.0,5135825000.0,,913529000.0,34354311000.0,860470000.0,83358000.0,,508862000.0,94262000.0,409554000.0,347206000.0,,1930815000.0,158968000.0,1975301000.0,42253011000.0,-1897241000.0,1808384000.0,-521520000.0,4154238000.0,4061202000.0,37074022000.0,255408000.0,19944000.0,1168937000.0,5140899000.0,409554000.0,-134000.0,4354000.0,1005000.0,,-2080000.0,1261160000.0,,,
2020-12-31,TSKB.IS,,-10965000.0,776000.0,1864315000.0,1084822000.0,,,0.0,1170624000.0,-665849000.0,2800000000.0,3375000.0,175419000.0,9351000.0,,0.0,,,1264845000.0,936347000.0,226874000.0,4061000.0,,,-3403000.0,20534000.0,40223987000.0,4581226000.0,54170000.0,-150738000.0,712294000.0,712294000.0,709473000.0,78000.0,6071533000.0,,861696000.0,41915373000.0,1075647000.0,155129000.0,,659318000.0,222262000.0,615927000.0,380662000.0,,2659896000.0,180887000.0,2704707000.0,52430920000.0,-130338000.0,1207277000.0,-16430000.0,5548593000.0,5412452000.0,46300151000.0,406524000.0,74651000.0,1268220000.0,6076599000.0,615927000.0,-134000.0,24313000.0,1005000.0,,-2342000.0,988196000.0,,,
2021-12-31,TSKB.IS,,-11184000.0,1012000.0,3665438000.0,1796494000.0,,,0.0,2373948000.0,140909000.0,2800000000.0,3415000.0,396583000.0,10771000.0,,0.0,,,2138167000.0,1488201000.0,390892000.0,3509000.0,,,-2363343000.0,15862000.0,58780641000.0,6835788000.0,89111000.0,121340000.0,1081109000.0,1081109000.0,1097309000.0,209000.0,6928141000.0,,1359193000.0,69101636000.0,2071117000.0,225072000.0,,1506140000.0,556777000.0,463067000.0,479361000.0,,3668576000.0,222197000.0,15206781000.0,86092535000.0,63651000.0,3580284000.0,-2375622000.0,9671236000.0,18779310000.0,79070769000.0,782389000.0,129008000.0,2141582000.0,6932655000.0,463067000.0,-73551000.0,528181000.0,1005000.0,,-2031000.0,1179328000.0,,,
2018-12-31,TURSG.IS,1127282667.0,-221065.0,654992.0,935816214.0,196469891.0,,,0.0,38294883.0,,270000000.0,812285239.0,,5210503.0,,-15139076.0,,,300484107.0,9358534.0,-1512840.0,6408531.0,,,-23029150.0,276266611.0,,612901553.0,,-1676312.0,10871374.0,10871374.0,10871374.0,533623599.0,795875829.0,,-15139076.0,17411865.0,245266170.0,589974295.0,,52622337.0,53766505.0,752622550.0,206572594.0,,-220993182.0,254995410.0,,2610459368.0,-25821380.0,56027525.0,137451379.0,1767164825.0,1755552671.0,1808175008.0,1127908422.0,24497610.0,1112769346.0,802284360.0,752622550.0,-300000000.0,2990987.0,,-411679.0,160286977.0,,,,
2019-12-31,TURSG.IS,3561088671.0,-33017171.0,7020555.0,4533997856.0,1235832102.0,,,0.0,-317581965.0,,939000000.0,2277752452.0,87279075.0,12480309.0,,1010744855.0,,,1889656190.0,1053447418.0,225068819.0,16737392.0,,,-72336570.0,276266611.0,,707225084.0,,-1676312.0,828378599.0,828378599.0,828378599.0,1254950594.0,2467513881.0,,1010744855.0,106877608.0,1390768999.0,2365217038.0,,144455556.0,98117106.0,839973037.0,250106341.0,,698257681.0,765030241.0,,8704611067.0,-25821380.0,526560622.0,706495400.0,7623664642.0,6071770425.0,6220359794.0,3156663787.0,42702563.0,4167408642.0,2484251273.0,839973037.0,-300000000.0,28597460.0,,-411679.0,811364822.0,275847433.0,,,
2020-12-31,TURSG.IS,4927085133.0,-19706267.0,7020555.0,5546104859.0,1084877136.0,,,0.0,-492619827.0,,1161523363.0,2107597981.0,24758447.0,20290541.0,,1379756796.0,,,2456105929.0,1467289240.0,305831625.0,17881048.0,,,213448800.0,,,1138624167.0,,-7833647.0,1161457615.0,1161457615.0,1161457615.0,2264133383.0,3450058330.0,,1379756796.0,63789997.0,1595951257.0,2319222767.0,,150837994.0,130210756.0,1222544630.0,229759954.0,,1076850830.0,922400711.0,,11072552932.0,-568691782.0,692575454.0,914352093.0,9622497766.0,7447982781.0,7604613554.0,3183947114.0,87532444.0,4563703910.0,3467939378.0,1222544630.0,-560858135.0,46641371.0,,,724645604.0,37433711.0,,,
2021-12-31,TURSG.IS,6190775810.0,-29497788.0,7020555.0,4996862165.0,-535655842.0,,,0.0,-478004490.0,,1161523363.0,3135296112.0,37978441.0,28186229.0,,1104198462.0,,,2309292687.0,1401672148.0,315395900.0,27628749.0,,,-2045527933.0,,,1400984175.0,,-7426327.0,1086276248.0,1086276248.0,1086276248.0,3080731792.0,4228850784.0,,1104198462.0,95290863.0,2168567372.0,3450089624.0,,203210694.0,217482920.0,1416973052.0,352902892.0,,1670962563.0,956720453.0,,14387498387.0,-500426327.0,639162610.0,-956568158.0,12510691708.0,9914586530.0,10131018854.0,4340390337.0,297473686.0,5444588799.0,4256479533.0,1416973052.0,-493000000.0,282176033.0,,,1130176672.0,883055552.0,,,
2018-12-31,SISE.IS,1657192000.0,-2929540000.0,527000.0,3164017000.0,-295946000.0,-166703000.0,-842706000.0,-20893000.0,-402386000.0,-294647000.0,2250000000.0,10389363000.0,779449000.0,1029588000.0,,2503312000.0,,,5160951000.0,3461595000.0,95698000.0,255707000.0,-404306000.0,3275544000.0,113644000.0,36000.0,4333624000.0,3010685000.0,4016818000.0,-278437000.0,2288912000.0,2288912000.0,3365897000.0,3314022000.0,12166377000.0,,2503312000.0,1776446000.0,302869000.0,995818000.0,,756872000.0,-167537000.0,3767164000.0,12177322000.0,75265000.0,6678477000.0,2749911000.0,1203191000.0,27808641000.0,-793925000.0,1610132000.0,-2244503000.0,10314397000.0,6005159000.0,11095655000.0,13047002000.0,958283000.0,15550314000.0,12696168000.0,3767164000.0,-456809000.0,1132350000.0,274084000.0,-58679000.0,962010000.0,221911000.0,50309000.0,-31145000.0,
2019-12-31,SISE.IS,2093016000.0,-3905767000.0,527000.0,8368913000.0,5207350000.0,-240502000.0,-857148000.0,491518000.0,-282140000.0,-89344000.0,2250000000.0,12179031000.0,1093602000.0,1349213000.0,,2609578000.0,,,5879655000.0,2596138000.0,-104181000.0,255547000.0,-1166744000.0,4009941000.0,-19463000.0,36000.0,10533164000.0,3247812000.0,4510880000.0,5661586000.0,1904534000.0,1904534000.0,2700319000.0,3896879000.0,14065489000.0,,2609578000.0,2831933000.0,484210000.0,508613000.0,,741683000.0,-153027000.0,4558722000.0,14872823000.0,74310000.0,7813256000.0,3348794000.0,2581745000.0,38750838000.0,4933585000.0,2301502000.0,-2952838000.0,17241254000.0,8191171000.0,19617453000.0,15449108000.0,-13440000.0,18058686000.0,14622505000.0,4558722000.0,-400000000.0,925101000.0,301469000.0,-328037000.0,911536000.0,426120000.0,512969000.0,-31145000.0,
2020-12-31,SISE.IS,2444872000.0,-2337638000.0,167048000.0,9354964000.0,1013402000.0,591979000.0,-461907000.0,-841119000.0,-498459000.0,83681000.0,3063214000.0,14679283000.0,1104347000.0,1617518000.0,,2933901000.0,,,6661403000.0,3255184000.0,430613000.0,440944000.0,-1460172000.0,4444507000.0,-251720000.0,,12454648000.0,2717347000.0,296838000.0,-1988366000.0,2138037000.0,2138037000.0,2824571000.0,4790210000.0,21384968000.0,,2933901000.0,3072832000.0,395565000.0,648183000.0,,908203000.0,-179335000.0,6409979000.0,16411436000.0,58682000.0,12554154000.0,3848155000.0,2392236000.0,44228036000.0,-2665991000.0,2663054000.0,-1644919000.0,21216994000.0,8238478000.0,21736803000.0,18406785000.0,321283000.0,21340686000.0,22194395000.0,6409979000.0,-518673000.0,2661258000.0,368483000.0,-127807000.0,824768000.0,2159846000.0,538325000.0,-31145000.0,
2021-12-31,SISE.IS,5033187000.0,-3998555000.0,167048000.0,12810775000.0,3434420000.0,336612000.0,-3422015000.0,2051484000.0,-7801663000.0,83739000.0,3063214000.0,20877579000.0,1158118000.0,2018943000.0,,5691709000.0,,,11180296000.0,11077538000.0,1853162000.0,10646425000.0,-1528048000.0,8234344000.0,1857549000.0,,16662376000.0,2722813000.0,9931827000.0,-1687110000.0,9133285000.0,9133285000.0,9224376000.0,9624062000.0,24790885000.0,,5691709000.0,4231354000.0,1544308000.0,2606022000.0,,2860485000.0,-190830000.0,15333334000.0,31403972000.0,111625000.0,20907498000.0,5567792000.0,6721230000.0,88672511000.0,-2539532000.0,2442696000.0,-5991236000.0,35673376000.0,19192852000.0,39308803000.0,26366166000.0,5385829000.0,32057875000.0,39431881000.0,15294121000.0,-532278000.0,9522492000.0,3994571000.0,29005000.0,1809545000.0,3265243000.0,121672000.0,-349149000.0,
2018-12-31,VAKBN.IS,182475709000.0,-3051062000.0,724276000.0,22596979000.0,1268795000.0,,,0.0,1905654000.0,-22186835000.0,2500000000.0,63461000.0,188968000.0,209555000.0,,0.0,,,13815461000.0,5689773000.0,1085295000.0,271880000.0,,,-5810936000.0,7000000000.0,99889581000.0,49338855000.0,741674000.0,9928419000.0,4544278000.0,4544278000.0,4604478000.0,2080611000.0,28077568000.0,,5659835000.0,233831377000.0,25248369000.0,858710000.0,,19293894000.0,5211404000.0,1797218000.0,2844506000.0,,23342585000.0,2944222000.0,48240817000.0,344638460000.0,33052540000.0,-15611224000.0,-16429345000.0,58337211000.0,196349232000.0,315532707000.0,8219087000.0,29938000.0,13878922000.0,28364079000.0,1797218000.0,-125000000.0,256824000.0,14631000.0,23249121000.0,-9386200000.0,2496293000.0,119251000.0,,
2019-12-31,VAKBN.IS,254130748000.0,-446485000.0,723962000.0,31258246000.0,9712961000.0,,,0.0,365080000.0,-60437959000.0,2500000000.0,77078000.0,801616000.0,493202000.0,,0.0,,,12707976000.0,4500032000.0,991203000.0,223428000.0,,,-16160483000.0,7000000000.0,47507030000.0,48490832000.0,871134000.0,11836288000.0,3369359000.0,3369359000.0,3508829000.0,,32443097000.0,,4438160000.0,298230558000.0,22092997000.0,6514191000.0,,15612332000.0,4838895000.0,2645304000.0,3040967000.0,,26811890000.0,3430921000.0,59214266000.0,433041129000.0,84069399000.0,-58693774000.0,-16208303000.0,83040713000.0,335453178000.0,399488839000.0,8346894000.0,61872000.0,12785054000.0,32681156000.0,2645304000.0,,545639000.0,14631000.0,72233111000.0,,4443499000.0,,,
2020-12-31,VAKBN.IS,417521882000.0,-2869989000.0,6303347000.0,56672945000.0,24503586000.0,,,0.0,-1730250000.0,-97087173000.0,3905622000.0,79918000.0,1234832000.0,510556000.0,,0.0,,,16499836000.0,7984624000.0,1577244000.0,259493000.0,,,-61529376000.0,7000000000.0,205002563000.0,79593504000.0,746935000.0,15936449000.0,6337453000.0,6337453000.0,6407380000.0,,46131028000.0,,7927383000.0,487622932000.0,48086452000.0,954805000.0,,20784514000.0,4839739000.0,2945672000.0,4896410000.0,,33250511000.0,3732714000.0,,712090517000.0,185025978000.0,-97067626000.0,-63480374000.0,139703547000.0,438196225000.0,664938430000.0,8652371000.0,57241000.0,16579754000.0,46405152000.0,2945672000.0,,25608000.0,14631000.0,162089529000.0,,25744884000.0,,,
2021-12-31,VAKBN.IS,595809978000.0,-2987530000.0,6303367000.0,115070618000.0,43391274000.0,,,0.0,644846000.0,-25455233000.0,3905622000.0,131627000.0,72767000.0,528872000.0,,0.0,,,16822693000.0,6622846000.0,1287150000.0,284774000.0,,,-13701856000.0,,155983671000.0,124105116000.0,1215068000.0,24733798000.0,5165856000.0,5165856000.0,5335696000.0,,52685555000.0,,6529169000.0,614017274000.0,58385990000.0,1100367000.0,,32674458000.0,5780489000.0,4410514000.0,4141051000.0,,38365457000.0,4513035000.0,168485758000.0,1028901098000.0,80355426000.0,-28122638000.0,-14777230000.0,286338252000.0,785130709000.0,974701070000.0,10425151000.0,93677000.0,16954320000.0,52984960000.0,4410514000.0,,5935716000.0,14631000.0,55621628000.0,,89426476000.0,,,
2018-12-31,ULKER.IS,1114097000.0,-225281000.0,,3378761000.0,188896000.0,-1047530000.0,26665000.0,78162000.0,20368000.0,75630000.0,342000000.0,4395223000.0,40823000.0,149304000.0,,754610000.0,,,1560285000.0,973539000.0,185918000.0,257758000.0,-330265000.0,604554000.0,-339684000.0,,4791105000.0,1340221000.0,383495000.0,-711361000.0,700779000.0,700779000.0,787621000.0,1941726000.0,2706504000.0,,754610000.0,71721000.0,129693000.0,78556000.0,,354170000.0,35254000.0,1298986000.0,2276366000.0,12551000.0,1655251000.0,757870000.0,370306000.0,10669872000.0,-1192131000.0,3378000.0,100087000.0,6391831000.0,1844865000.0,6990140000.0,5200898000.0,218929000.0,5955508000.0,3296237000.0,1298986000.0,-88000000.0,1277562000.0,331975000.0,-392770000.0,251341000.0,702000.0,,,
2019-12-31,ULKER.IS,1224598000.0,-135572000.0,,5080978000.0,1028137000.0,-529254000.0,-2569000.0,132825000.0,58408000.0,-31340000.0,342000000.0,5663928000.0,32986000.0,171110000.0,,1120297000.0,,,2139192000.0,1362942000.0,260517000.0,292188000.0,-413353000.0,592698000.0,-339684000.0,,652490000.0,946029000.0,522903000.0,-28586000.0,996503000.0,996503000.0,1102425000.0,2505010000.0,3731094000.0,,1120297000.0,62203000.0,135477000.0,115167000.0,,356191000.0,12119000.0,1431287000.0,2383177000.0,19956000.0,2638042000.0,986820000.0,5074423000.0,12791752000.0,-467025000.0,795683000.0,1379329000.0,8720108000.0,6800011000.0,7857520000.0,6682823000.0,242645000.0,7803120000.0,4411329000.0,1431287000.0,-276600000.0,-679850000.0,388047000.0,-438439000.0,1047487000.0,,,,
2020-12-31,ULKER.IS,1275410000.0,-218234000.0,,7421504000.0,1790447000.0,-596080000.0,-754202000.0,222322000.0,423591000.0,53708000.0,342000000.0,6778372000.0,30467000.0,199294000.0,,1700226000.0,,,2937258000.0,1576169000.0,307604000.0,363782000.0,-467236000.0,1695858000.0,,,9027627000.0,978106000.0,779913000.0,1862529000.0,1081394000.0,1081394000.0,1268565000.0,5291406000.0,5176802000.0,,1700226000.0,105645000.0,201521000.0,518041000.0,,385950000.0,22540000.0,940618000.0,2846826000.0,24114000.0,4754162000.0,1190378000.0,1117897000.0,19491674000.0,1927674000.0,630027000.0,-1119161000.0,14701119000.0,3230685000.0,12674981000.0,8015404000.0,-124057000.0,9715630000.0,6036780000.0,940618000.0,-276600000.0,351907000.0,496196000.0,65145000.0,-1393472000.0,,,,
2021-12-31,ULKER.IS,2270421000.0,-558319000.0,,9397098000.0,-830686000.0,-1268473000.0,-1242601000.0,639738000.0,2687071000.0,-554073000.0,342000000.0,8924665000.0,327839000.0,230009000.0,,1998608000.0,,,3612415000.0,-70534000.0,91885000.0,651304000.0,-802144000.0,3218231000.0,,,15306776000.0,1878478000.0,1327188000.0,-117751000.0,-464332000.0,-464332000.0,-162419000.0,5434743000.0,1438872000.0,,1998608000.0,411472000.0,691917000.0,1343435000.0,,481725000.0,99742000.0,-1433127000.0,3640893000.0,39786000.0,4077841000.0,1474279000.0,2078789000.0,26243625000.0,-1255375000.0,27339000.0,-1543824000.0,18764940000.0,6134222000.0,21929723000.0,10538472000.0,-2069142000.0,12537080000.0,2986714000.0,-1433127000.0,-276600000.0,1941174000.0,896538000.0,-861024000.0,2207861000.0,,,,
2018-12-31,VERUS.IS,12934393.0,-8936436.0,12360510.0,8049622.0,5451230.0,-7228765.0,-2484830.0,-12396494.0,-6855319.0,2083329.0,70000000.0,86498746.0,4460241.0,1709940.0,,6485565.0,,,9207572.0,53297227.0,-939970.0,133429.0,-13547134.0,6934224.0,23074802.0,17316106.0,38556310.0,22112863.0,74081942.0,-15856213.0,43725291.0,43725291.0,54237197.0,17410929.0,251144675.0,,6485565.0,21357980.0,5156747.0,1454008.0,,11026910.0,-8566758.0,14058259.0,62609626.0,,159456425.0,11288765.0,6459500.0,402685796.0,1465904.0,18553152.0,-14567826.0,296471898.0,27742530.0,77325750.0,89220753.0,46811662.0,95706318.0,251278104.0,9461169.0,-1050000.0,,,18372117.0,,,,-7058839.0,
2019-12-31,VERUS.IS,2998725.0,-5158339.0,12820057.0,39120942.0,31071320.0,-3096827.0,959815.0,-9935668.0,-56666746.0,-883053.0,70000000.0,70625195.0,3780380.0,1908883.0,,21697821.0,,,11868025.0,82776600.0,7118354.0,110338.0,-12394844.0,7054354.0,23074802.0,17316106.0,52291991.0,26825655.0,80279023.0,31331019.0,62226081.0,62226081.0,75658246.0,20921348.0,325295719.0,,21697821.0,26097915.0,4390528.0,2401151.0,,16644095.0,-21530200.0,17712376.0,71262508.0,,224873624.0,11700404.0,7905453.0,490692768.0,22601729.0,-5487515.0,13957106.0,366396352.0,16071602.0,85007688.0,60795399.0,61078779.0,82493220.0,325406057.0,17712376.0,-2275000.0,,,-16711557.0,,,,-7058839.0,
2020-12-31,VERUS.IS,4202549.0,-9644221.0,13493797.0,43454085.0,4333143.0,9156242.0,-3391561.0,1143030.0,-124822666.0,-162893.0,70000000.0,40634304.0,4228703.0,2424843.0,,41074538.0,,,14337642.0,174008803.0,13948460.0,123312.0,-18668436.0,10445915.0,-82004596.0,,104603050.0,37412296.0,109433982.0,64742679.0,140947366.0,140947366.0,160060343.0,10385738.0,486858905.0,,41074538.0,29359382.0,5141962.0,7034070.0,,28954181.0,-40047427.0,20297973.0,141635274.0,,383190447.0,13310531.0,7997157.0,751491965.0,43258090.0,25294361.0,-64219308.0,542961701.0,21518535.0,155075766.0,13897408.0,132934265.0,54971946.0,486982217.0,20297973.0,-700000.0,,,-20784589.0,,,,,
2021-12-31,VERUS.IS,19480608.0,-24200328.0,10943184.0,32962611.0,-10491474.0,-22169581.0,-21428785.0,15278059.0,-163334180.0,-18107882.0,70000000.0,95813158.0,1089.0,3776602.0,,-62246286.0,,,26294125.0,307762865.0,12287255.0,246033.0,-25428484.0,31874700.0,-26641119.0,,29970563.0,58240649.0,298816995.0,-19092234.0,192988743.0,192988743.0,295475610.0,32946959.0,922186146.0,,-62246286.0,40404079.0,29103902.0,13809328.0,,39951276.0,72736872.0,68481405.0,256775380.0,,773007590.0,15803539.0,6397425.0,1334348140.0,-193415952.0,-12997024.0,195921502.0,978681999.0,43177127.0,113098966.0,184353569.0,370009151.0,122107283.0,922432179.0,68481405.0,-1342147.0,,,-172981571.0,,,,,
2018-12-31,VESBE.IS,1901077000.0,-524818000.0,109031000.0,120847000.0,38093000.0,-434330000.0,-79893000.0,671368000.0,134972000.0,1788000.0,190000000.0,4781608000.0,,146261000.0,,724880000.0,,,912365000.0,621767000.0,-794000.0,9700000.0,-62813000.0,579054000.0,,,,,,-75386000.0,622561000.0,622561000.0,622561000.0,2341040000.0,1801875000.0,,724880000.0,176757000.0,14601000.0,24557000.0,,126280000.0,12240000.0,419056000.0,1435364000.0,45490000.0,1093488000.0,129755000.0,417501000.0,4685092000.0,-279265000.0,1082870000.0,-765512000.0,3063271000.0,2747126000.0,2873517000.0,4969093000.0,-103113000.0,5693973000.0,1811575000.0,419056000.0,-240000000.0,,,36121000.0,-191986000.0,,137167000.0,,
2019-12-31,VESBE.IS,2069922000.0,-297661000.0,109031000.0,119328000.0,-20996000.0,-268044000.0,-65911000.0,161061000.0,-80362000.0,45471000.0,190000000.0,6083290000.0,,231402000.0,,638235000.0,,,884674000.0,564564000.0,-3508000.0,12554000.0,-86616000.0,646136000.0,,,10303000.0,,,51657000.0,568072000.0,568072000.0,568072000.0,2370808000.0,1793674000.0,,638235000.0,225298000.0,20050000.0,47373000.0,,129025000.0,38855000.0,405715000.0,1578206000.0,58023000.0,1101482000.0,149561000.0,83633000.0,4983802000.0,-503417000.0,617727000.0,-135306000.0,3167744000.0,2991718000.0,3177574000.0,6329729000.0,-73671000.0,6967964000.0,1806228000.0,405715000.0,-566829000.0,,,11755000.0,221735000.0,,167955000.0,,
2020-12-31,VESBE.IS,2874941000.0,-405967000.0,109031000.0,216011000.0,104849000.0,-1537738000.0,-308848000.0,860059000.0,57532000.0,-128398000.0,190000000.0,7602834000.0,,269979000.0,,1555195000.0,,,1806451000.0,1331932000.0,624000.0,14015000.0,-95549000.0,952552000.0,,,88566000.0,,,505974000.0,1331308000.0,1331308000.0,1331308000.0,4363277000.0,3347750000.0,,1555195000.0,259980000.0,46881000.0,61965000.0,,201820000.0,-9517000.0,751960000.0,2339224000.0,78866000.0,2310774000.0,181907000.0,440579000.0,8229991000.0,115554000.0,574223000.0,-584928000.0,5616772000.0,4458675000.0,4868226000.0,7854090000.0,-223263000.0,9409285000.0,3361765000.0,751960000.0,-128766000.0,,,-261654000.0,,,202424000.0,,
2021-12-31,VESBE.IS,5842718000.0,-633962000.0,,112837000.0,-74321000.0,-1867752000.0,-1699757000.0,3086993000.0,402862000.0,-450195000.0,1600000000.0,13613315000.0,132778000.0,344177000.0,,2095926000.0,,,2564694000.0,1216852000.0,-301740000.0,22767000.0,-336940000.0,2649388000.0,,,274922000.0,,,-329680000.0,1518592000.0,1518592000.0,1518592000.0,7007281000.0,4869888000.0,,2095926000.0,638207000.0,334894000.0,245031000.0,,335258000.0,35360000.0,1552070000.0,3407814000.0,114203000.0,1740585000.0,319205000.0,1743574000.0,14189413000.0,-721825000.0,1375261000.0,-727757000.0,10120625000.0,8562036000.0,9296758000.0,14082083000.0,-879074000.0,16178009000.0,4892655000.0,1552070000.0,-800000000.0,,,407855000.0,,,249183000.0,,
2018-12-31,VESTL.IS,5792577000.0,-748037000.0,103776000.0,3085661000.0,287114000.0,89321000.0,77944000.0,53902000.0,83630000.0,66938000.0,335456000.0,11570079000.0,93452000.0,360324000.0,,1641359000.0,,,4282221000.0,443200000.0,42314000.0,92518000.0,-730645000.0,2861739000.0,-1161575000.0,,742077000.0,1189711000.0,89115000.0,2295462000.0,371153000.0,371153000.0,400886000.0,3804509000.0,2938829000.0,,1641359000.0,3109867000.0,152086000.0,844034000.0,,336083000.0,216626000.0,2261215000.0,3334707000.0,249928000.0,528693000.0,2174308000.0,2000447000.0,17960822000.0,2149371000.0,1199617000.0,-3160018000.0,10036226000.0,13556998000.0,14642567000.0,14210941000.0,-1198159000.0,15852300000.0,3229140000.0,2261215000.0,-2360734000.0,98144000.0,197793000.0,-146091000.0,-1069621000.0,,448079000.0,,
2019-12-31,VESTL.IS,6127709000.0,-481171000.0,103776000.0,2394334000.0,4078000.0,101941000.0,3556000.0,327248000.0,1649233000.0,71514000.0,335456000.0,12896358000.0,230498000.0,512829000.0,,1565329000.0,,,4277765000.0,313913000.0,-37937000.0,89486000.0,-1146066000.0,2833115000.0,-17840000.0,,456424000.0,1044133000.0,89255000.0,281840000.0,324047000.0,324047000.0,351850000.0,4121400000.0,3403377000.0,,1565329000.0,4896308000.0,160777000.0,942841000.0,,451938000.0,157924000.0,2370181000.0,3616104000.0,261830000.0,881243000.0,2292682000.0,1411361000.0,19452405000.0,-389963000.0,3104493000.0,-2702582000.0,9608581000.0,14652475000.0,15672494000.0,15608794000.0,-1251416000.0,17174123000.0,3690656000.0,2370181000.0,-2360734000.0,-7870000.0,197793000.0,-671803000.0,-2013122000.0,,528242000.0,,
2020-12-31,VESTL.IS,8060078000.0,-652921000.0,98019000.0,3201571000.0,889656000.0,-2007857000.0,-1229892000.0,1987409000.0,942612000.0,43653000.0,335456000.0,15527830000.0,321146000.0,621243000.0,,2817900000.0,,,6018350000.0,1939281000.0,32044000.0,100992000.0,-897343000.0,4061469000.0,-95116000.0,,1708157000.0,1002832000.0,353787000.0,839961000.0,1772599000.0,1772599000.0,1907237000.0,5964522000.0,6774187000.0,,2817900000.0,6984941000.0,325383000.0,1212317000.0,,694921000.0,50748000.0,3718542000.0,5015558000.0,335131000.0,2919730000.0,2814571000.0,3986608000.0,27078418000.0,493333000.0,2261556000.0,-2170053000.0,13777527000.0,17124288000.0,19652884000.0,18728280000.0,-878619000.0,21546180000.0,7071747000.0,3718542000.0,-2360734000.0,304820000.0,196568000.0,-346628000.0,-1708310000.0,,609948000.0,,
2021-12-31,VESTL.IS,16026589000.0,-1319126000.0,,2089143000.0,-1083575000.0,-1230806000.0,-5507240000.0,8085727000.0,-2107188000.0,-358413000.0,335456000.0,23487021000.0,795193000.0,771324000.0,,4371982000.0,,,9018814000.0,1698769000.0,-455184000.0,120705000.0,-1308747000.0,9528703000.0,-91342000.0,,893475000.0,1479897000.0,869799000.0,1295564000.0,1895487000.0,1895487000.0,2153953000.0,8034049000.0,9124589000.0,,4371982000.0,12810258000.0,1064282000.0,2282915000.0,,1125709000.0,202694000.0,5813134000.0,7606607000.0,405695000.0,3293272000.0,4038443000.0,6652154000.0,43092689000.0,-1585005000.0,1704425000.0,-1389904000.0,20878654000.0,30610097000.0,32781028000.0,28133853000.0,-2673213000.0,32505835000.0,9441862000.0,5813134000.0,-2360734000.0,186909000.0,196568000.0,-519835000.0,-325691000.0,1710000.0,789738000.0,,
2018-12-31,YKBNK.IS,210291473000.0,-554845000.0,556937000.0,48120104000.0,22648205000.0,,,0.0,5091045000.0,-42612412000.0,8447051000.0,136836000.0,712891000.0,293278000.0,,0.0,,,12652655000.0,6047895000.0,1380357000.0,837619000.0,,,-1387154000.0,4083584000.0,65771305000.0,48518954000.0,611000.0,1528941000.0,4667426000.0,4667426000.0,4667538000.0,9504000.0,37189555000.0,,5932387000.0,245750327000.0,15572500000.0,1176743000.0,,29802430000.0,3202710000.0,3900208000.0,3312175000.0,,26102471000.0,3517558000.0,3520213000.0,373376254000.0,41899023000.0,-32706202000.0,-1866239000.0,73977686000.0,238795241000.0,334368976000.0,6857104000.0,115508000.0,12789491000.0,39006667000.0,3900208000.0,-500000000.0,15321623000.0,979493000.0,36286498000.0,,959438000.0,,,
2019-12-31,YKBNK.IS,231071697000.0,-571614000.0,556937000.0,67052140000.0,19725814000.0,,,0.0,11000258000.0,-13327337000.0,8447051000.0,145463000.0,2129358000.0,642441000.0,,0.0,,,12005750000.0,4533780000.0,933594000.0,941331000.0,,,-5667590000.0,,69061139000.0,53148575000.0,687000.0,-1898877000.0,3600060000.0,3600060000.0,3600186000.0,3090000.0,39270069000.0,,4439828000.0,261700508000.0,14619173000.0,994267000.0,,34177734000.0,3982819000.0,2484755000.0,4358899000.0,,29702150000.0,3583103000.0,6308888000.0,411195020000.0,19389999000.0,1758252000.0,-6044435000.0,90066214000.0,266040610000.0,370003440000.0,7711385000.0,93952000.0,12151213000.0,41190893000.0,2484755000.0,-500000000.0,4621998000.0,979493000.0,21288876000.0,,3069033000.0,,,
2020-12-31,YKBNK.IS,264410268000.0,-605961000.0,556937000.0,53136878000.0,-14635077000.0,,,0.0,14317154000.0,-67315640000.0,8447051000.0,150483000.0,3702058000.0,745237000.0,,0.0,,,15958188000.0,6797108000.0,1717425000.0,1024033000.0,,,-14789243000.0,,104854400000.0,67459177000.0,807000.0,-5556810000.0,5079518000.0,5079518000.0,5079683000.0,4861000.0,45564033000.0,,6708049000.0,318654533000.0,23283234000.0,2021437000.0,,36560707000.0,5172116000.0,3810393000.0,4554379000.0,,34753178000.0,4078023000.0,,486489679000.0,27958159000.0,-47300185000.0,-14983286000.0,93818064000.0,296648093000.0,438921313000.0,9400622000.0,89059000.0,16108671000.0,47567559000.0,3810393000.0,-500000000.0,19690235000.0,979493000.0,33514969000.0,,10946226000.0,,,
2021-12-31,YKBNK.IS,419928058000.0,-792206000.0,556937000.0,107485491000.0,51735055000.0,,,0.0,1901301000.0,-140582844000.0,8447051000.0,212435000.0,3820176000.0,837666000.0,,0.0,,,24598425000.0,13893774000.0,3403758000.0,1141715000.0,,,-22456729000.0,,84055613000.0,117728194000.0,1018000.0,15882771000.0,10489758000.0,10489758000.0,10490016000.0,1580000.0,61366980000.0,,13755848000.0,464368332000.0,49490808000.0,3274036000.0,,64427420000.0,5767442000.0,9889680000.0,4974156000.0,,44594520000.0,5075135000.0,102259071000.0,780820906000.0,170689815000.0,-127505071000.0,-22777703000.0,191629016000.0,567808818000.0,717331700000.0,11055012000.0,137926000.0,24810860000.0,63488188000.0,9889680000.0,-500000000.0,31328014000.0,979493000.0,155307044000.0,,12013765000.0,,,
2018-12-31,YATAS.IS,125323886.0,-82950328.0,,64079474.0,29576993.0,-61522026.0,-30361887.0,875221.0,30130979.0,-1171319.0,149798932.0,543169569.0,7972430.0,24408057.0,,110039810.0,,,399980893.0,84200886.0,8561705.0,17879769.0,-13204713.0,151544258.0,264288.0,,123241583.0,1000.0,,101643840.0,75639181.0,75639181.0,75639181.0,115497866.0,289423739.0,,110039810.0,33955841.0,32429567.0,25562949.0,,27360478.0,9851349.0,75390244.0,283102633.0,4451905.0,96600601.0,275637829.0,44673413.0,711891583.0,77298437.0,38392057.0,-85592881.0,376952340.0,253923950.0,404588075.0,833110652.0,-25838924.0,943150462.0,307303508.0,60903975.0,-21551616.0,-520620.0,,-20940335.0,3225587.0,956.0,,-3405068.0,
2019-12-31,YATAS.IS,151410249.0,-78544927.0,,93242109.0,29162635.0,-57876423.0,-62426382.0,61929113.0,36569951.0,26112958.0,149798932.0,684386219.0,16389931.0,64972676.0,,159455431.0,,,482559940.0,112097348.0,25890788.0,20051232.0,-29801607.0,213360188.0,956.0,,75118432.0,1000.0,,-39256528.0,86206560.0,86206560.0,86206560.0,168264528.0,369572652.0,,159455431.0,40412817.0,18569529.0,46733430.0,,38768933.0,-20045425.0,73659821.0,376720019.0,6367149.0,182127438.0,336782785.0,47249399.0,934313799.0,-57586728.0,155945216.0,-68824765.0,497128731.0,386156345.0,544689915.0,1007490728.0,-47358083.0,1166946159.0,389623884.0,57697514.0,-21551616.0,-371088.0,,-16854162.0,-2857296.0,956.0,,-1476038.0,
2020-12-31,YATAS.IS,352177204.0,-62739785.0,,296601025.0,201000347.0,14575114.0,-145403969.0,241002698.0,34562468.0,-88165594.0,149798932.0,1065609160.0,27373141.0,72387089.0,,277878133.0,,,682447498.0,218105882.0,48030838.0,24324584.0,-30917392.0,356378721.0,956.0,,174665285.0,1000.0,,10239101.0,170075044.0,170075044.0,170075044.0,148065159.0,505334481.0,,277878133.0,58023747.0,93158371.0,93851709.0,,51300150.0,-20240130.0,74638274.0,438105357.0,6666819.0,330650866.0,418142676.0,59353615.0,1416318467.0,-28791252.0,299728368.0,-69489348.0,895863779.0,585402905.0,886659402.0,1470178525.0,-59772251.0,1748056658.0,529659065.0,49209267.0,-21551616.0,-447421.0,,-8012037.0,-138465.0,,1589503.0,-9466700.0,
2021-12-31,YATAS.IS,484358567.0,-119405553.0,,111399760.0,-185214609.0,-108644464.0,-313823096.0,205732612.0,21379760.0,-154896347.0,149798932.0,1868164511.0,41723509.0,85420471.0,,361965734.0,,,990811607.0,326840151.0,70783768.0,38061107.0,-33187575.0,668116135.0,,,149776367.0,1000.0,,35596969.0,256056383.0,256056383.0,256056383.0,233347083.0,968822168.0,,361965734.0,100524512.0,250816679.0,148982871.0,,103623145.0,-15183652.0,347278929.0,790724569.0,10742603.0,545820723.0,633286922.0,130085220.0,2196486822.0,-29719953.0,-7834459.0,-142223443.0,1267175634.0,890397805.0,1189603547.0,2497010384.0,-35125583.0,2858976118.0,1006883275.0,311263620.0,-40886526.0,-5436754.0,,-13844094.0,2422351.0,,4475729.0,-10586302.0,
2018-12-31,ZRGYO.IS,50905.0,-46701.0,,1260199.0,-228148344.0,-56068.0,8616331.0,-472916.0,-91404542.0,-327780900.0,1300000000.0,237820.0,,115554.0,,40170225.0,,,46170970.0,133189791.0,0.0,22414.0,-8410.0,,-125000.0,160000000.0,,87779.0,,226008616.0,133189791.0,133189791.0,133189791.0,56068.0,1684162524.0,,40170225.0,329160470.0,73188994.0,2929910.0,,32136.0,1286423.0,698216.0,1511374287.0,,383486722.0,4714322.0,,1915150211.0,226000206.0,-286409081.0,-167739469.0,74505261.0,230933137.0,230965273.0,6238565.0,93019566.0,46408790.0,1684184938.0,698216.0,,-105789.0,,-8410.0,-11606.0,,,,
2019-12-31,ZRGYO.IS,16014237.0,-680271.0,,128264013.0,126990633.0,-89758.0,8616331.0,70008655.0,-94813782.0,-70278231.0,1300000000.0,781585.0,1895421.0,151047.0,,65108655.0,,,43239099.0,125223394.0,-1789727.0,39192.0,-3713503.0,,-76035565.0,160000000.0,,109060982.0,,322067986.0,127013121.0,127013121.0,127013121.0,145826.0,1811206119.0,,65108655.0,369693287.0,116224392.0,206594347.0,,28871143.0,-30757758.0,745468.0,1889981546.0,,510499843.0,8888202.0,,2613409238.0,478354483.0,31991052.0,-383249143.0,244634231.0,773292784.0,802163927.0,-21087971.0,60114739.0,44020684.0,1811245311.0,745468.0,,-105789.0,,-3713503.0,-11606.0,,,,
2020-12-31,ZRGYO.IS,61483358.0,-84772.0,658135984.0,30497497.0,-97879202.0,-5025929.0,8616331.0,27173748.0,-305973788.0,-1087557.0,3520215000.0,83756840.0,1772627.0,168862.0,,-32919818.0,,,-13053143.0,378039669.0,276004.0,46817.0,-2641414.0,91339193.0,-6000000.0,832071484.0,,115371102.0,,-348004069.0,377763665.0,377763665.0,377763665.0,13974725.0,5090510798.0,,-32919818.0,499919477.0,2602690.0,66206199.0,,6170990.0,5664214.0,23073835.0,4682151852.0,,889132796.0,14202461.0,,5435903353.0,470227069.0,101635332.0,-668760055.0,138414105.0,339174748.0,345345738.0,103623515.0,410959487.0,70703697.0,5090557615.0,23073835.0,,-981548.0,,-13840346.0,,,,,
2021-12-31,ZRGYO.IS,213644012.0,-281318.0,1335832350.0,607345344.0,573635249.0,-1910210.0,65270135.0,125156028.0,-1133838645.0,-194995705.0,4693620000.0,95440325.0,,930862.0,,-33184877.0,,,2880159.0,1322014888.0,1772627.0,232407.0,-4235719.0,46008708.0,,1851101366.0,,119621524.0,,-201521719.0,1320242261.0,1320242261.0,1320242261.0,24222284.0,8372378708.0,,-33184877.0,679538016.0,11770253.0,38418531.0,,2925590.0,4356650.0,133783708.0,7155158556.0,,2209375057.0,31708386.0,,8643897092.0,1628817767.0,180854726.0,-1237633973.0,689346589.0,265769987.0,271285977.0,131505361.0,1355199765.0,98320484.0,8372611115.0,133783708.0,,1596729.0,,-20761880.0,,,,,
2018-12-31,ALKIM.IS,46815270.0,-16692008.0,,90355669.0,22989434.0,-19080477.0,-42308661.0,24908996.0,23608423.0,-2208058.0,24725000.0,424658910.0,10190201.0,20733890.0,,116735838.0,,,164504572.0,118262974.0,21825249.0,1084838.0,-5774764.0,121421066.0,,,12361785.0,14284.0,30145774.0,-13882555.0,87102714.0,87102714.0,96437725.0,73390091.0,317287729.0,,116735838.0,11403368.0,22370567.0,12614300.0,,13878137.0,40303.0,21087707.0,154667053.0,602143.0,272559860.0,47126288.0,12373259.0,478152897.0,-53112407.0,92830567.0,-16728726.0,310983354.0,103394634.0,129634556.0,472427644.0,1527136.0,589163482.0,318372567.0,21087707.0,-29217047.0,,,-10012805.0,,,125584.0,,
2019-12-31,ALKIM.IS,45855970.0,-21144370.0,,149830480.0,59474812.0,-29226526.0,12476532.0,-8235762.0,9247906.0,4283535.0,24725000.0,490393166.0,15012808.0,22419244.0,,152164283.0,,,201046953.0,162550553.0,22139441.0,1015870.0,-4657364.0,109086941.0,,,1441121.0,14284.0,32554949.0,3159006.0,131518069.0,131518069.0,140411112.0,102742480.0,388582412.0,,152164283.0,18863822.0,17775241.0,7546906.0,,17455419.0,-5060216.0,18096933.0,151233688.0,115849.0,346776349.0,53827037.0,12457990.0,552759862.0,-62350060.0,142850303.0,-21025431.0,381632198.0,111710091.0,130606631.0,539275836.0,10386270.0,691440119.0,389598282.0,18096933.0,-57301588.0,,,-8207478.0,,,1866798.0,,
2020-12-31,ALKIM.IS,65768732.0,-18832633.0,,193269264.0,43438784.0,-39078101.0,-51012260.0,18513111.0,3386414.0,-52307177.0,150000000.0,498148535.0,38651212.0,21316231.0,,206270206.0,,,256000381.0,234896265.0,18890841.0,1015870.0,-4408583.0,160099201.0,,,45039500.0,14284.0,42192354.0,-17438618.0,199189141.0,199189141.0,216005424.0,141643553.0,498255025.0,,206270206.0,88675487.0,12931712.0,66398531.0,,23773716.0,-4458322.0,-13153759.0,154079997.0,144547.0,362424654.0,54043950.0,2268380.0,754515740.0,-38895522.0,100638742.0,-18304436.0,510730102.0,144239275.0,213052491.0,547878710.0,28626059.0,754148916.0,499270895.0,-13153759.0,-23352546.0,,,1895642.0,,,2982949.0,,
2021-12-31,ALKIM.IS,216984225.0,-146113380.0,,335931691.0,142662427.0,-96177398.0,-97940129.0,151215493.0,73918009.0,61872374.0,150000000.0,792303168.0,34128314.0,23144069.0,,242402395.0,,,304185376.0,354164221.0,68991924.0,-327983.0,,258041136.0,,,49474267.0,14285.0,69801933.0,,248125334.0,248125334.0,285172297.0,240497410.0,667620459.0,,242402395.0,43178469.0,10586486.0,76003115.0,,31921795.0,-5189440.0,-13947346.0,261800161.0,153459.0,531239822.0,66818962.0,26604531.0,1150223512.0,-133410349.0,364966867.0,-88894091.0,845558580.0,331733041.0,413129103.0,854086149.0,111761826.0,1096488544.0,667292476.0,-13947346.0,-136093419.0,,,2683070.0,,,2982949.0,,
